3254 5022
210 337 248 396 12

209 519 250 578 28
279 516 309 579 d.
353 517 475 582 Nescio
503 515 602 599 igitur
628 538 670 581 an
704 517 766 583 hoc
795 540 922 602 quoque
950 519 1023 584 loco
1054 527 1224 603 excerptor
1251 521 1433 584 orationem

209 629 354 699 Socratis
388 636 487 699 etiem
519 632 666 700 Socratis
696 637 825 701 nomine
856 637 1064 720 insigniverit.
1115 637 1202 704 Nam
1235 643 1269 702 et
1304 639 1338 702 in
1370 639 1432 704 Es·

210 753 382 817 corialensi
406 754 466 836 (M)
498 760 532 818 et
559 739 657 833 in'A,
686 775 758 818 cum
787 755 902 838 quibus
929 755 1120 840 plerumque
1150 756 1258 822 facere
1287 757 1431 821 videmus

209 869 465 951 Bruxellensem,
500 872 562 937 hoc
595 873 715 954 legitur
746 873 865 937 lemma
897 870 1063 944 Πλάτωνος
1097 874 1132 936 ἐκ
1166 878 1218 958 τῆς
1252 871 1429 957 ἀπολογίας,

208 987 337 1052 nomine
360 987 543 1074 Σωκράτους
566 992 694 1070 omisso,
718 992 752 1056 id
774 992 861 1074 quod
885 991 924 1055 de
947 993 1099 1057 Parisino
1116 993 1273 1057 adnotare
1289 994 1431 1076 neglexit

150 1193 153 1209 Ι
210 1099 411 1172 Gaisfordus.
441 1089 938 1204 1711611116111616111111666611111
960 1111 1003 1174 ad
1018 1111 1075 1175 ecl.
1094 1115 1143 1186 14,
1167 1115 1208 1175 20
1224 1111 1432 1206 adscriptum,

107 1290 110 1299 ¹
150 1273 153 1281 ,
210 1221 265 1322 ubi
298 1207 475 1320 Κράτητά.
494 1226 617 1294 habent
643 1229 769 1310 reliqui.
823 1229 1001 1294 Praecedit
1032 1231 1066 1293 in
1094 1227 1194 1294 Brux.
1223 1228 1429 1296 Antisthenis

99 1375 102 1380 ,
210 1341 450 1425 apophthegma
474 1351 538 1425 (14,
564 1352 624 1427 17),
654 1348 799 1430 sequitur
820 1346 1002 1431 Σωκράτους
1026 1349 1147 1413 dictum
1171 1321 1373 1432 (22)‚‘paene
1394 1355 1430 1414 ut
1476 1345 1487 1366 '

208 1458 290 1522 illud
319 1481 358 1523 ex
388 1463 512 1527 duobus
540 1464 590 1527 his
619 1464 702 1528 falso
729 1451 904 1562 conflatdin
931 1466 1088 1532 videatur.
1104 1449 1116 1523 l
1133 1464 1332 1560 Saepissime
1354 1487 1429 1531 vero

208 1577 358 1643 omissa
381 1603 450 1646 esse
474 1582 630 1646 lemmata
650 1583 840 1647 recentioris
864 1584 935 1648 aevi
950 1584 1054 1648 codici
1070 1585 1166 1650 facile
1183 1584 1428 1649 condonabitur.

89 1731 94 1738 ·
211 1673 278 1778 Sed
308 1673 464 1763 nonnulla
496 1701 529 1763 in
562 1701 612 1784 his
646 1703 744 1764 etiam
773 1723 813 1766 ex
840 1705 1039 1786 excerptoris
1067 1703 1226 1767 brevitate
1252 1703 1430 1785 repetenda

209 1822 292 1880 sunt.
338 1818 453 1900 Neque
478 1805 561 1882 enim
593 1838 672 1882 casu
700 1817 822 1883 factum
844 1826 933 1903 puto,
962 1821 1049 1902 quod
1075 1821 1109 1884 in
1138 1819 1428 1904 apophthegmatis

208 1935 264 1998 ubi
288 1937 359 2017 ipsa
382 1936 496 2018 ecloga
522 1959 543 2002 a
573 1936 734 2001 lemmatis
761 1960 839 2004 voce
867 1960 978 2004 rursus
1004 1939 1147 2022 incipere
1170 1940 1284 2018 soleat,
1313 1960 1428 2003 nomen

209 2055 399 2136 plerumque
422 2056 523 2120 semel
545 2062 671 2121 tantum
694 2058 845 2122 daturin
866 2058 1072 2123 Bruxellensi
1095 2062 1157 2141 (ex.
1181 2080 1227 2140 gr.
1252 2065 1280 2136 7,
1305 2043 1428 2122 2718.

209 2178 260 2236 48.
284 2177 334 2236 49.
359 2179 408 2238 55.
433 2179 472 2238 57
495 2175 546 2238 vel
569 2180 617 2253 29,
646 2182 696 2240 85.
720 2181 770 2240 87.
793 2182 844 2241 89.
867 2183 916 2240 91.
941 2182 990 2241 99.
1017 2180 1099 2257 100).
1145 2175 1429 2241 Ο611616116611116

210 2298 260 2355 est
281 2293 422 2374 repetita
443 2292 605 2356 lemmatis
628 2295 821 2376 significatio
843 2295 931 2358 velut
954 2300 981 2373 7,
1007 2299 1047 2359 54
1067 2293 1252 2364 κλεάνθους·
1276 2293 1428 2376 κλεάνθης

208 2410 268 2472 act.
312 2411 428 2492 Neque
457 2409 518 2474 hoc
546 2412 623 2477 mihi
651 2413 784 2477 dubium
820 2419 869 2478 est
902 2413 979 2496 quin
1010 2413 1079 2495 ipse
1110 2414 1175 2477 iam
1204 2419 1375 2495 excerptor
1395 2411 1428 2474 in

209 2530 310 2593 semel
341 2530 447 2612 posito
482 2529 633 2595 lemmate
662 2533 791 2614 saepius
826 2533 871 2596 eis
902 2532 983 2596 locis
1014 2530 1226 2614 acquieverit,
1258 2531 1314 2595 ubi
1342 2551 1427 2594 com·

208 2647 319 2730 plures
355 2648 499 2713 eiusdem
532 2651 674 2714 auctoris
707 2651 758 2715 vel
788 2651 864 2715 libri
896 2650 1026 2733 eclogae
1062 2670 1132 2714 6666
1160 2648 1310 2730 excipere
1338 2647 1425 2712 vidit.

209 2767 291 2831 'Pam
304 2766 419 2831 crebra
428 2767 545 2831 suntin
556 2767 759 2833 Bruxellensi
772 2769 928 2834 eiusmodi
940 2769 1260 2852 praetermissionum
1272 2767 1427 2849 exempla.

210 2882 416 2967 Quamquam
447 2886 586 2975 adparet
616 2887 701 2952 hanc
740 2889 962 2971 quaestionem
997 2908 1070 2952 cum
1101 2885 1213 2950 ordine
1245 2885 1429 2968 eclogarum

210 3025 304 3087 quem
333 3004 531 3086 sequebatur
563 3005 784 3070 Bruxellensis
819 3007 980 3072 artissime
1014 3006 1199 3082 cohaerere,
1229 3009 1267 3068 ut
1291 3005 1353 3068 nisi
1375 3004 1427 3068 hic

209 3127 306 3185 antea
339 3123 524 3205 exploratus
558 3123 656 3188 fuerit
687 3147 740 3190 res
775 3126 946 3191 diiudicari
975 3146 1039 3188 non
1066 3122 1179 3205 possit.
1230 3121 1276 3185 Ut
1305 3127 1428 3187 certum

210 3241 389 3324 exemplum
421 3231 598 3325 proferam,
630 3243 664 3306 in
700 3242 846 3308 Socratis
882 3242 1165 3324 apophthegmatis
1205 3247 1252 3318 13,
1290 3244 1426 3317 46-49,

209 3379 344 3442 quorum
367 3358 453 3423 idem
476 3359 555 3424 ordo
580 3367 630 3424 est
651 3362 683 3424 in
707 3361 854 3425 omnibus
883 3380 963 3443 quos
986 3361 1060 3424 novi
1082 3360 1181 3439 libris,
1206 3359 1305 3424 semel
1327 3359 1427 3440 adpo·

209 3480 311 3541 suisse
333 3498 450 3541 nomen
473 3481 552 3542 satis
575 3478 689 3543 habuit
711 3479 931 3544 Bruxellensis
954 3478 988 3542 in
1015 3476 1073 3541 ecl.
1096 3481 1146 3542 46.
1191 3476 1307 3560 Neque
1329 3475 1428 3558 igitur

208 3597 324 3660 mirum
356 3602 415 3674 est,
449 3598 535 3680 quod
567 3598 629 3661 hac
662 3599 786 3662 ratione
821 3597 964 3663 admissa
998 3596 1082 3660 duae
1113 3594 1256 3660 eiusdem
1284 3593 1427 3658 auctoris

210 3714 341 3798 eclogae
369 3735 540 3797 perperam
563 3736 803 3799 nonnumquam
825 3717 856 3779 in
883 3736 981 3779 unam
1002 3713 1201 3789 coaluerunt,
1225 3711 1312 3775 velut
1335 3717 1363 3791 6,
1387 3715 1425 3775 31

209 3840 243 3898 61
270 3839 319 3897 32.
364 3833 484 3896 Rarius
513 3833 589 3898 libri
616 3835 752 3898 alicuius
780 3835 832 3898 vel
861 3835 1020 3918 poematis
1044 3830 1142 3896 solius
1165 3831 1426 3895 commemoratio

208 3952 245 4016 fit
266 3952 408 4016 auctoris
421 3953 550 4015 nomine
572 3955 811 4034 praetermisso,
832 3959 871 4018 ut
892 3954 989 4017 aliam
1012 3951 1155 4016 eiusdem
1178 3949 1320 4014 auctoris
1343 3947 1428 4011 eclo-

210 4091 283 4152 gam
313 4069 390 4134 olim
418 4069 635 4152 praecessisse
668 4071 831 4150 suboleat,
861 4072 949 4134 velut
970 4074 998 4148 8,
1028 4074 1074 4133 13.
1103 4073 1152 4148 20,
1179 4074 1226 4132 17.
1251 4071 1354 4147 38,8.
1379 4072 1426 4130 14.

209 4189 250 4252 al.
294 4187 437 4252 Accedit
459 4189 557 4253 etiam
579 4189 668 4254 aliud
690 4189 722 4251 in
750 4189 910 4254 lemmatis
938 4188 1163 4270 neglegentiae
1186 4186 1236 4252 vel
1258 4185 1426 4250 brevitatis

208 4327 319 4389 genus,
341 4308 428 4390 quod
450 4308 483 4371 in
507 4308 618 4373 codice
651 4329 747 4393 quem
775 4313 825 4371 tot
846 4305 1049 4371 indoctorum
1078 4326 1192 4371 manus
1215 4305 1429 4370 tractaverint
