3254 5022
1332 332 1351 391 s
1407 295 1408 298 γ

126 513 210 574 452:
241 510 356 593 ἐκλογὴ
387 510 422 572 ἐκ
445 515 500 592 τῆς
528 510 680 590 συλλογῆς
700 503 844 570 Ἰωάννου
868 502 1011 591 στοβαίοο
1034 506 1097 588 κτὲ,
1119 505 1170 572 vel
1192 506 1290 571 etiam
1313 527 1352 572 ea

127 649 214 712 quae
238 632 346 692 exstat
368 628 401 691 in
424 627 536 691 codice
554 625 718 693 Vaticano
742 628 803 688 847
828 624 871 688 ad
885 624 1005 690 librum
1026 622 1256 707 parallelorum
1279 644 1351 706 por-

125 748 244 812 tinens:
268 745 382 829 ἐκλογὴ
408 745 562 830 ὠφέλιμος
590 745 625 807 ἐκ
648 749 700 827 τῆς
725 739 833 827 βίβλου
857 747 917 806 τῶν
932 742 1152 828 παραλλήλων.
1164 740 1350 846 Μλλιιθθθλλο

127 871 241 930 autem
263 865 407 928 exoritur
428 869 537 928 utrum
558 863 726 945 inscriptio
750 882 847 944 quam
868 862 964 926 modo
987 862 1147 943 integram
1167 860 1298 924 exhibui
1313 881 1353 926 ex

94 957 100 964 .
122 983 201 1070 ipsa
224 982 413 1046 Stobaeana
442 959 542 1046 totius
556 955 677 1063 operis
706 981 909 1063 praefatione
936 979 1029 1044 nobis
1057 955 1153 1044 hodie
1182 979 1353 1062 deperdita

126 1072 260 1176 fluxerit
281 1106 394 1183 utpote
416 1101 516 1164 tetrus
539 1099 646 1182 operis
669 1098 829 1163 rationem
851 1097 984 1188 habena
1006 1119 1048 1162 an
1062 1098 1170 1181 potius
1187 1117 1227 1161 ex
1240 1097 1353 1164 Photii
1385 1092 1387 1096 ’

126 1217 242 1283 codice
266 1217 436 1330 CLXVII
465 1239 603 1303 quocum
631 1218 822 1300 plerumque
850 1218 1027 1282 conveniat.
1071 1217 1156 1295 Hoc,
1184 1236 1249 1280 non
1270 1216 1352 1280 illud

127 1357 239 1401 verum
281 1357 351 1416 esse
353 1307 473 1400 idfr'a
501 1335 688 1401 elucebit
679 1335 757 1419 ipsis
792 1357 909 1418 excerp
911 1337 953 1401 tis
986 1337 1170 1400 accuratius
1205 1335 1351 1418 cognitio.

126 1454 233 1519 Iam
223 1457 284 1537 igit
284 1477 323 1518 ur
345 1456 372 1519 si
394 1454 520 1538 singula
542 1454 620 1518 licet
606 1454 802 1536 tpersequi,
825 1453 859 1517 id
875 1453 961 1537 quod
977 1454 1047 1553 det
1033 1453 1130 1552 tertio
1145 1453 1252 1537 operis
1267 1452 1351 1518 libro

128 1575 280 1656 promisit
295 1579 474 1656 excerptor,
489 1573 537 1636 ita
553 1572 696 1651 exsolvit,
706 1578 748 1637 ut
762 1573 856 1636 huius
872 1571 947 1637 libri
959 1540 1119 1656 excerptis
1132 1571 1245 1636 sibine
1258 1572 1352 1636 satis·

127 1692 245 1757 fecerit
266 1692 406 1775 quidem.
443 1691 531 1756 Nam
552 1695 725 1773 postquam
747 1691 768 1754 f.
788 1697 818 1754 1Ϊ
832 1711 934 1774 usque
950 1687 993 1757 ad
1010 1691 1031 1754 f.
1049 1696 1104 1756 51v
1118 1691 1205 1755 intra
1215 1690 1353 1788 tertium

126 1810 246 1875 librum
269 1833 303 1876 se
327 1815 402 1876 cont
402 1809 493 1890 inuit,
515 1810 549 1872 in
571 1808 685 1873 eodem
706 1809 769 1875 hoc
791 1809 867 1873 folio
890 1809 933 1874 ad
955 1831 1039 1893 capu
1040 1809 1352 1898 tquadragesimum

124 1929 288 1994 tertium
279 1952 300 1993 1.
314 1951 340 1994 e.
363 1928 406 1994 ad
427 1927 545 2015 librum
568 1934 719 2014 quartum
733 1948 924 2011 progressus
940 1929 1040 1992 etiam
1056 1930 1198 2012 capitum
1213 1927 1352 2011 quadra·

127 2048 243 2130 gesimi
280 2054 345 2112 tter
345 2047 377 2127 ii,
420 2047 537 2129 quarti,
579 2047 692 2129 quinti,
734 2029 826 2125 sexti,
869 2047 998 2130 septimi
1035 2052 1188 2129 excerpta
1223 2049 1352 2128 adiecit,
1429 2129 1434 2140 ,

126 2187 326 2249 quamquam
347 2166 466 2248 insorip
468 2167 514 2230 tio
468 2165 612 2230 tlibri
634 2167 751 2248 quarti,
773 2186 871 2249 quam
895 2167 1141 2249 exspectaveris,
1169 2166 1265 2232 hodie
1288 2190 1353 2233 non

126 2284 256 2366 legitur.
280 2273 285 2333 l
305 2285 425 2349 Restat
456 2285 593 2368 denique
623 2305 663 2349 ea
693 2290 920 2367 excerptorum
946 2284 1117 2366 particula,
1151 2307 1235 2368 quae
1267 2286 1351 2351 foliis

125 2406 167 2466 59
171 2408 285 2467 vv-66
300 2403 490 2470 continetur.
525 2403 580 2468 Ibi
593 2408 688 2487 praet
690 2425 726 2468 er
741 2404 918 2485 exspectat
909 2423 1016 2467 ionem
1030 2403 1102 2469 adt
1088 2408 1154 2467 tter
1154 2404 1221 2469 ium
1234 2403 1354 2470 librum

126 2541 276 2620 reversus
300 2528 479 2619 excerptor
508 2543 535 2586 c.
565 2526 582 2584 3
614 2522 674 2586 eol.
704 2527 743 2586 79
774 2526 807 2586 θλ
793 2525 876 2585 λ80
904 2520 1068 2599 adnexuit,
1103 2544 1187 2605 quae
1215 2524 1352 2607 denique
1469 2530 1479 2554 “’

128 2615 334 2723 excipiuntur
363 2639 594 2724 Xenophontis
626 2639 787 2705 nonnullis
817 2638 1026 2723 Musoniique
1057 2640 1138 2706 locis
1172 2664 1212 2707 ex
1246 2646 1352 2726 capit

126 2758 280 2822 vicesimo
329 2764 400 2846 sept
401 2760 474 2839 imo,
518 2758 778 2824 duodevicesimo
820 2758 1122 2842 undevicesimoque
1165 2760 1352 2845 desumptis.

128 2870 276 2955 Quorum
297 2876 443 2942 locorum
464 2879 613 2961 paucitas
635 2882 673 2941 ut
695 2877 772 2942 olim
794 2898 871 2942 sane
886 2878 1158 2960 compensabatur
1173 2879 1250 2944 folio
1267 2881 1354 2962 quod

131 2993 254 3058 excidit
280 3001 355 3078 post
381 2996 402 3060 f.
432 3001 473 3060 64
499 3017 645 3061 necnon
668 2995 793 3060 duobus
816 2995 897 3076 aliis,
926 3017 1009 3079 quae
1031 3003 1107 3079 post
1127 2996 1181 3061 fol.
1206 3002 1245 3062 66
1267 3020 1353 3063 nunc

129 3113 271 3195 abrupta
293 3119 377 3192 sunt,
399 3115 446 3179 ita
467 3114 587 3178 indicia
609 3135 673 3178 uon
696 3114 809 3179 deesse
833 3114 947 3178 credat
962 3115 1121 3198 quispiam
1137 3115 1254 3198 quibus
1269 3116 1354 3182 hanc

118 3231 497 3350 Qarticulam
513 3239 690 3297 extremam
705 3231 748 3296 ab
764 3232 829 3296 alio
841 3231 1181 3316 fortasseexnerptore
1191 3234 1354 3301 adiectam

130 3345 408 3451 erpideiis}
444 3349 608 3416 hhmirum
626 3351 734 3433 capita
748 3349 947 3414 inscribendi
962 3371 1063 3432 genus
1079 3352 1165 3434 quod
1181 3353 1355 3420 adhibetur

129 3467 163 3530 in
185 3466 239 3533 fol.
263 3473 318 3532 59v
341 3491 410 3552 sqq.
433 3491 497 3533 non
520 3468 655 3534 concedi
676 3469 789 3551 nequit
810 3468 975 3550 paululum
999 3468 1128 3534 differre
1150 3472 1191 3535 ab
1213 3492 1253 3537 eo
1268 3472 1354 3555 quod

129 3586 163 3648 in
185 3587 345 3667 prioribus
368 3595 491 3670 regnat
527 3588 660 3670 Eulogis
684 3594 712 3665 3,
737 3591 776 3650 79
801 3591 834 3652 et
856 3592 884 3666 3,
909 3592 949 3651 80
965 3588 1081 3670 capitis
1096 3589 1209 3653 titulus
1225 3592 1353 3655 omuino

128 3723 195 3768 non
215 3706 414 3788 praefigitur,
438 3707 495 3772 sed
518 3701 697 3792 Δημητρίου
714 3705 886 3789 Φαληρέως
909 3709 969 3767 τῶν
992 3709 1064 3784 (τῶν
1086 3726 1148 3770 om.
1171 3707 1255 3787 cod.)
1278 3705 1355 3771 ἑπτὰ

129 3818 222 3898 (ἕπτα
249 3824 335 3910 cod.)
366 3831 468 3909 σοφῶν
495 3824 729 3910 ἀποφθέγματα,
758 3825 873 3889 (λθλιιιλθ
905 3823 1060 3907 ὑποθῆκαι
1080 3829 1141 3887 τῶν
1164 3825 1241 3888 ἑπτά
1264 3825 1356 3914 (ducor

129 3940 224 4026 cod).
261 3941 492 4026 Xenophontis
514 3951 624 4008 autem
639 3943 847 4024 Musoniique
870 3943 949 4008 locis
970 3942 1240 4026 quibus'eclogas
1263 3949 1291 4022 3,
1315 3947 1354 4009 79

128 4063 163 4122 et
186 4063 215 4139 3,
244 4065 285 4126 80
309 4063 413 4145 excipi
434 4063 531 4128 modo
555 4063 629 4141 dixi,
653 4061 766 4127 titulus
790 4062 941 4146 capitum,
970 4083 1009 4126 ex
1031 4062 1148 4145 quibus
1172 4061 1356 4144 deprompti

95 4197 99 4204 ’
129 4182 214 4258 θιιιιλ,
238 4182 459 4263 praemittitur
474 4203 561 4260 sane,
580 4181 637 4245 ssd
652 4180 737 4245 hunc
753 4181 787 4245 iu
802 4180 933 4245 modum
949 4182 989 4243 ἐκ
1004 4185 1068 4244 τοῦ
1084 4181 1153 4265 περὶ
1170 4179 1356 4263 ἐγκρατείας,

130 4295 246 4363 deinde
269 4299 309 4361 ἐκ
332 4303 393 4362 τοῦ
410 4300 480 4385 περὶ
496 4294 652 4384 ἀκρασίας,
675 4298 813 4383 denique
829 4299 869 4361 ἐκ
885 4304 948 4362 τοῦ
964 4300 1033 4385 περὶ
1050 4294 1249 4379 ἀνεξικακίας,
1272 4318 1356 4380 quae
