3254 5022
240 1699 321 1764 Oum
337 1699 387 1762 bis
401 1698 481 1782 ipsis
497 1696 610 1761 diebus
633 1695 749 1778 quibus
769 1693 925 1777 philologi
944 1689 1140 1758 Germaniae
1164 1695 1375 1763 Oaroliruhae

152 1821 342 1881 conventum
366 1815 541 1895 celebrant,
563 1815 627 1879 iter
641 1813 720 1878 mibi
735 1812 952 1894 Hispanicum
966 1811 1147 1893 parandum
1164 1815 1213 1890 sit,
1235 1813 1375 1880 Ioannes

144 1907 315 2000 'Stobaeus
348 1935 403 2018 qui
433 1955 484 1998 me
507 1933 621 2016 procul
654 1952 724 1995 esse
756 1931 847 1996 iubet
872 1931 959 1994 idem
988 1930 1085 1994 etiam
1118 1933 1292 1996 excusandi
1324 1956 1375 1998 me

152 2075 276 2132 munus,
305 2053 333 2116 si
355 2073 420 2134 qua
443 2051 649 2116 excusatione
671 2071 744 2114 mea
767 2069 847 2133 opus
869 2049 975 2128 fuerit,
998 2049 1033 2112 in
1055 2068 1090 2111 se
1112 2049 1207 2112 velim
1229 2052 1374 2134 recipiat,

152 2171 291 2235 maxime
325 2169 412 2252 apud
445 2171 566 2234 amicos
599 2169 791 2252 quibuscum
817 2188 904 2231 nunc
935 2167 1065 2253 dehoc
1095 2167 1166 2249 ipso
1194 2167 1375 2234 studiorum

153 2309 270 2370 genere
292 2289 398 2352 varias
421 2309 505 2371 quae
526 2292 651 2351 restant
673 2286 879 2370 quaestiones
909 2284 1063 2349 familiari
1083 2305 1229 2350 sermone
1257 2308 1375 2371 expen-

153 2407 230 2470 dere
252 2407 375 2470 liceret.
401 2471 405 2481 ,

237 2523 290 2589 Ac
312 2526 400 2614 venit
413 2545 516 2608 nuper
535 2526 568 2594 in
590 2543 704 2588 manus
726 2527 855 2610 nostras
871 2543 930 2604 per
953 2523 1116 2604 egregiam
1138 2521 1372 2614 P3Thomae

149 2617 584 2738 professorisGanrlavensis
605 2640 836 2720 liberalitatem
857 2640 988 2704 collatio
1010 2639 1131 2732 codicis
1153 2639 1393 2707 Bruxellensis'
1526 2618 1550 2652 ¹⁴

150 2761 352 2844 plurifariam
372 2759 516 2842 insignis,
545 2779 608 2842 quo
630 2759 725 2823 unius
747 2759 949 2841 potissimum
971 2758 1048 2822 libri
1079 2755 1257 2824 Stobaeani
1284 2745 1372 2826 haud

150 2854 269 2963 paruus
293 2879 479 2962 eclogarum
493 2899 646 2942 numerus
670 2879 862 2942 continetur.
907 2877 1005 2941 Hanc
1027 2876 1132 2960 ipsam
1156 2879 1371 2959 collationem,

152 3019 249 3082 quam
271 2997 450 3081 prudenter
473 3002 506 3061 et-
528 2996 613 3059 sicut
627 3017 679 3060 res
695 2997 801 3078 poscit
814 2995 955 3060 instituit
970 2997 1009 3060 P.
1025 2995 1177 3076 Thomas,
1200 3002 1372 3082 postquam

152 3117 335 3200 diligentius
357 3136 443 3179 nune
466 3116 612 3192 tractavi,
633 3114 699 3178 iam
722 3114 835 3196 quanti
856 3115 1078 3180 aestimandus
1095 3117 1136 3178 sit
1152 3115 1371 3180 Bruxellensis

153 3235 261 3319 quoad
283 3237 350 3300 eius
373 3233 469 3298 hodie
492 3231 563 3297 fieri
585 3233 705 3315 poterit
725 3231 838 3314 paucis
866 3231 1036 3315 inquiram.
1081 3231 1285 3316 Quamquam
1307 3255 1372 3298 non

149 3353 183 3417 in
213 3353 320 3417 animo
348 3359 398 3417 est
427 3352 590 3416 variarum
616 3351 791 3414 lectionum
820 3369 934 3432 greges
962 3351 1176 3434 constipando
1206 3371 1245 3415 ea
1274 3351 1370 3416 hodie

150 3476 307 3553 repetere,
336 3491 419 3554 quae
446 3470 512 3533 iam
543 3469 664 3533 dudum
693 3468 732 3532 de
755 3468 869 3533 eodem
898 3469 1010 3534 codice
1032 3468 1154 3552 publici
1181 3469 1260 3534 iuris
1282 3469 1371 3535 facta

150 3594 234 3654 sunt.
271 3589 434 3652 Nimirum
450 3593 500 3651 est
514 3587 600 3652 idem
615 3586 698 3651 liber
712 3607 811 3649 mauu
825 3587 974 3669 scriptus,
992 3587 1083 3651 cuius
1099 3588 1231 3651 eximias
1247 3588 1371 3670 aliquot

149 3707 306 3771 lectiones
339 3707 397 3770 sed
427 3693 585 3789 quae*“'ad
611 3706 724 3800 viginti
750 3705 875 3788 priores
902 3710 1028 3770 tantum
1056 3705 1169 3772 titulos
1197 3706 1370 3789 pertinent,
1428 3671 1433 3785 l

149 3825 226 3890 olim
249 3822 410 3907 decerpsit
434 3824 570 3889 Oarolus
589 3821 765 3913 Augustus
780 3823 930 3905 Beving
950 3823 984 3888 in
1000 3825 1270 3889 commentatione
1285 3845 1370 3890 nunc
1427 3811 1431 3874 ῗ

148 3942 281 4022 rariore,
306 3963 387 4025 quae
409 3942 597 4008 inscribitur
611 3943 809 4026 Remurques
830 3943 1371 4028 1111111111111111111111111913
1426 3921 1428 3934 Ξ

149 4063 186 4126 cle
208 4060 417 4148 t'Aatbolopr'e
445 4063 482 4126 tle
506 4061 622 4144 Stobee,
645 4061 817 4126 Bruxellea
847 4065 937 4130 1833.
981 4061 1035 4124 De
1063 4061 1223 4126 industria
1252 4062 1370 4128 deinde

80 4164 82 4169 ¹
149 4198 219 4243 rem
241 4197 412 4262 aggressus
427 4177 466 4242 P.
481 4177 649 4243 Thomas
671 4180 880 4262 integriorem
895 4177 985 4242 dedit
1002 4178 1123 4242 codicis
1140 4199 1213 4242 cum
1229 4179 1371 4244 editione

133 4295 359 4361 ·bleinekiana
381 4297 588 4361 collationem
604 4297 712 4362 Rebus
733 4297 770 4362 rte
790 4296 1011 4362 l'Instruetr'ou
1024 4297 1178 4379 Ilubb'que
1197 4297 1230 4362 T.
1247 4297 1377 4363 XVIII

199 4397 260 4437 Hans
1154 4407 1166 4450 1

599 4648 871 4768 masal
