3254 5022
242 319 260 377 8

246 493 406 579 pullulant
427 491 588 575 quaedam
610 491 742 573 eclogae
765 489 895 554 aliunde
916 510 981 554 non
1004 489 1154 572 cognitae
1168 525 1211 536 -
1225 494 1300 552 suut
1318 486 1467 552 Platonis

246 613 370 694 aliquot
395 611 461 674 loci
488 647 529 658 -
555 614 592 675 ut
624 610 699 674 hino
726 628 854 690 quoque
886 606 1002 671 eadem
1029 626 1108 670 oum,
1129 605 1348 688 superioribus
1378 605 1467 687 origo

245 729 482 813 comprobetur.
533 727 624 796 Vicit
656 728 764 811 igitur,
795 731 832 791 ut
865 746 935 790 rem
965 725 1078 808 paucis
1115 724 1395 807 comprehendam,
1428 745 1468 790 ea

246 869 329 932 quae
355 848 454 914 etiam
480 868 539 932 per
566 865 600 910 se
622 847 697 929 ipsa
716 845 955 929 simplicissima
983 848 1033 908 est
1054 843 1151 907 ratio:
1176 841 1362 908 Stobaeana
1385 863 1468 925 quae
1512 921 1516 928 ι

246 965 358 1030 codice
385 965 589 1032 Bruxellensi
624 964 830 1028 continentur
864 983 947 1027 unus
982 960 1132 1044 idemque
1163 947 1332 1044 excerptor
1360 967 1466 1026 traus-

246 1085 384 1167 scripsit,
411 1084 552 1168 plurima
580 1103 619 1147 ex
647 1082 754 1164 operis
776 1074 870 1146 libro*
885 1079 997 1182 tertio,
1020 1100 1125 1163 pauca
1148 1079 1309 1162 quaedam
1331 1099 1382 1173 ex—
1391 1079 1467 1144 libri

246 1203 353 1284 quarti
375 1199 636 1289 initio„deuique
658 1173 978 1283 nonnulla'q‘ia'e‘iii
996 1174 1184 1263 libii't'ertii
1207 1198 1367 1280 excerptis
1390 1218 1410 1261 a
1431 1218 1466 1261 se

245 1293 365 1384 omissa
387 1341 457 1384 esse
479 1339 576 1402 aegre
598 1319 674 1383 tulit
694 1319 782 1383 idem
804 1323 921 1401 postea
942 1319 977 1382 in
1000 1318 1089 1383 calce
1112 1317 1240 1420 adiecit.

330 1434 493 1518 Quoniam
519 1437 559 1502 de
587 1437 747 1502 communi
774 1437 900 1500 vinculo
928 1458 991 1519 quo
1020 1437 1106 1501 inter
1128 1457 1162 1500 se
1186 1436 1392 1500 continentur
1413 1456 1466 1498 ex·

244 1561 357 1638 oerpta
379 1555 454 1635 dixi,
477 1575 563 1618 nunc
582 1555 694 1638 paucis
710 1554 753 1618 ad
767 1553 843 1619 libri
858 1555 1101 1638 inscriptionem
1115 1554 1224 1619 redeo.
1259 1554 1313 1619 Ao
1327 1557 1464 1637 primum

241 1675 401 1738 neminem
435 1672 518 1756 fugit
544 1672 650 1737 verbis
682 1673 716 1737 τὸ
750 1673 783 1736 δέ
817 1695 852 1755 γε
885 1671 981 1757 παρὸν
1009 1673 1109 1757 τρίτον
1130 1655 1164 1735 ὃν
1188 1671 1306 1757 βιβλίον
1329 1672 1465 1756 περιέχει

244 1792 400 1877 κεφάλαια
428 1788 478 1876 μβ’
502 1812 613 1855 eorum
641 1813 724 1874 quae
754 1813 793 1856 ex
823 1791 964 1874 quinque
992 1792 1068 1855 libri
1096 1791 1204 1874 quarti
1227 1791 1387 1873 capitibus
1411 1812 1462 1853 ex-

223 1989 224 1992 Ἴ
243 1911 364 1993 scripta
386 1915 461 1974 sunt
482 1910 641 1974 rationem
663 1932 727 1974 non
749 1910 871 1975 haberi.
910 1908 1003 1992 Quae
1025 1931 1086 1988 res,
1109 1910 1172 1973 nisi
1191 1907 1330 1973 artificia
1345 1909 1463 1972 sectari

243 2028 395 2108 volonno,
418 2029 514 2094 facile
536 2029 584 2093 ita
607 2029 832 2113 explicabitur,
865 2033 902 2091 ut
927 2029 1034 2111 ipsum
1066 2032 1289 2111 excerptorem
1309 2028 1344 2091 in
1365 2028 1463 2092 totius

244 2147 386 2230 syllegae
428 2147 533 2212 fronte
573 2132 643 2211 eius
676 2152 803 2212 tantum
840 2145 915 2210 libri
953 2146 1143 2210 memoriam
1178 2145 1286 2210 facere
1326 2146 1462 2210 voluisse

244 2269 396 2346 putemus
409 2264 495 2328 intra
511 2285 615 2347 quem,
631 2266 658 2328 si
673 2286 694 2328 a
709 2265 850 2347 quinque
865 2264 928 2328 illis
940 2285 1023 2346 quae
1036 2265 1101 2328 dixi
1111 2263 1271 2346 capitibus
1282 2265 1463 2341 recesseris,

242 2384 350 2446 omnia
372 2405 431 2447 sua
454 2388 607 2466 excerpta
631 2383 797 2446 continuit.
833 2383 989 2446 Fortasse
1013 2383 1188 2448 coniecerit
1207 2381 1322 2464 aliquis
1344 2382 1400 2447 ubi
1423 2381 1462 2445 de

241 2501 430 2584 apographo
465 2507 582 2584 agatur
611 2502 690 2565 satis
718 2501 841 2564 recenti
871 2501 939 2564 veri
966 2501 1055 2566 haud
1082 2501 1235 2565 dissimile
1265 2520 1336 2564 esse
1365 2503 1462 2566 etiam

241 2624 317 2682 ante
346 2625 444 2701 caput
475 2619 757 2704 quadragesimum
788 2621 919 2684 tertium
941 2621 1016 2684 novi
1036 2619 1113 2683 libri
1135 2618 1301 2682 exordium
1323 2619 1462 2684 breviter

243 2738 318 2801 olim
333 2737 510 2802 indicatum
526 2738 634 2802 luisse.
671 2737 791 2822 Atqui
806 2737 1061 2803 consideraverit
1075 2758 1138 2820 quo
1153 2737 1249 2802 modo
1264 2737 1365 2803 verba
1380 2738 1461 2801 rt'te'

241 2877 275 2936 γε
298 2854 393 2938 παρὸν
414 2852 514 2939 τρίτον
535 2858 569 2919 tv
597 2853 792 2938 titillarunt.
830 2879 903 2921 cum
918 2857 964 2920 eis
980 2877 1063 2938 quae
1079 2856 1276 2920 antecedunt
1291 2859 1462 2922 coniuncta

242 2974 314 3050 sint,
344 2977 373 3038 ei
397 2975 495 3038 verba
516 2963 579 3039 illa
607 2975 649 3039 ad
672 2981 776 3038 totam
798 2977 905 3057 potius
928 2977 1083 3060 syllogam
1107 2980 1255 3058 spectare
1278 2995 1348 3038 non·
1362 2975 1461 3039 videri

240 3111 305 3156 non
326 3098 486 3175 poterunt.
524 3093 597 3156 Iam
618 3112 694 3156 vero
717 3097 753 3156 ut
776 3091 815 3156 de
838 3093 926 3157 fonte
950 3115 1060 3158 eorum
1085 3115 1168 3177 quae
1191 3094 1389 3158 antecedunt
1403 3094 1460 3158 ali·

242 3211 319 3293 quid
334 3210 482 3290 addatur,
498 3211 582 3275 hanc
597 3210 727 3274 brevem
744 3211 785 3276 de
799 3212 925 3295 integro
942 3233 1039 3315 opere
1056 3211 1241 3302 Stobaeano
1256 3213 1406 3278 notitiam
1422 3233 1460 3276 ex

240 3330 341 3410 ipsius
369 3329 476 3412 potius
497 3326 632 3393 Stobaei
656 3329 857 3412 praefatione
878 3330 1009 3395 fluxisse
1031 3329 1124 3394 nobis
1147 3330 1244 3394 hodie
1267 3336 1380 3414 erepta
1400 3352 1459 3395 uec

240 3468 279 3510 ex
293 3446 403 3511 Photii
426 3447 537 3510 codice
553 3445 723 3514 CLXVII
743 3449 778 3512 id
801 3449 884 3514 serio
907 3449 1004 3513 hodie
1025 3449 1078 3512 vix
1100 3449 1271 3532 quisquam
1292 3449 1458 3514 obtinebit.

194 3553 199 3627 s
239 3564 330 3652 Nilril
357 3571 406 3628 est
435 3565 468 3628 in
496 3565 679 3629 macilentis
701 3566 751 3630 his
774 3565 885 3630 frustis
909 3573 958 3630 est
980 3567 1066 3650 quod
1088 3588 1152 3632 non
1176 3590 1216 3632 ex
1237 3567 1356 3633 Photio
1379 3569 1459 3652 peti-

112 3659 115 3667 *
239 3688 308 3746 tum
331 3685 380 3746 sit.
415 3670 572 3748 Fortasse
595 3685 715 3749 obiciet
736 3685 814 3748 mihi
836 3685 953 3768 aliquis
975 3687 1010 3748 id
1033 3688 1120 3769 quod
1141 3688 1225 3753 infra
1240 3688 1384 3770 apertius
1400 3689 1460 3751 erit

239 3799 485 3866 Bruxellensem
509 3803 629 3886 eclogis
652 3805 751 3868 etiam
773 3805 863 3868 novis
888 3806 1040 3884 eminere,
1066 3812 1102 3871 ut
1116 3809 1178 3871 hac
1194 3828 1233 3870 ex
1249 3812 1342 3888 parte
1357 3827 1459 3888 paene

239 3941 313 3982 oum
346 3919 568 3985 Laurentiano
609 3927 797 3986 concertare
831 3924 943 4004 possit.
998 3923 1050 3988 Ac
1088 3925 1115 3986 si
1149 3945 1257 3989 verum
1292 3930 1342 3987 est
1375 3923 1460 4007 quod

174 4125 176 4133 .
237 4037 503 4103 Wachsmuthius
531 4039 627 4103 evicit
649 4037 753 4104 ‘Stud
785 4062 824 4105 zu
857 4040 920 4104 den
947 4063 993 4122 gr.
1017 4041 1140 4105 Floril'
1169 4064 1200 4124 p.
1230 4047 1269 4104 68
1297 4062 1344 4124 sq.
1374 4041 1460 4106 fiori·

133 4201 134 4208 .
169 4135 201 4259 Ἰ·
217 4195 219 4204 ‚
237 4156 356 4237 legium
378 4157 636 4222 [laurentianum
659 4179 698 4223 ex
721 4158 832 4222 codice
855 4159 1053 4242 descriptum
1075 4180 1145 4224 esse
1160 4181 1224 4243 quo
1239 4166 1338 4225 toturn
1354 4160 1459 4224 adhuc

238 4279 390 4356 quattuor
426 4275 582 4340 librorum
623 4277 845 4359 anthologium
884 4278 1119 4356 continebatur,
1163 4299 1220 4342 cur
1255 4277 1461 4344 Bruxellensi
