3254 5022
1323 357 1362 418 25

136 533 310 615 plicaretur
325 529 382 592 sed
399 529 546 602 omnium¹
556 548 667 592 eorum
682 529 711 590 vi
727 531 900 596 coniuncta
916 554 998 614 quae
1015 553 1114 616 supra
1127 533 1160 596 in
1172 533 1361 598 memoriam

136 654 296 712 revocata·
318 653 392 712 sunt
424 647 464 711 de
491 647 616 711 ratione
646 644 823 713 Stobaeurn
856 651 1061 716 exscribendi
1089 674 1109 716 a
1137 652 1360 717 Laurentiano

136 765 290 830 adhibita.
329 766 480 848 Denique
503 770 540 829 ut
563 765 657 847 quasi
678 767 824 847 stirpitus
849 766 939 830 dere
956 769 1116 834 dubitatio
1133 771 1301 848 eximatur,
1324 767 1361 832 fit

138 885 343 990 Qhssi.
351 883 592 971 Esocrialensis
612 884 693 978 miro
715 885 749 948 in
770 888 1100 979 remim-consensu.
1147 887 1237 970 Quos
1259 885 1360 950 libros

137 1003 191 1066 ubi
213 1003 253 1067 de
269 1002 490 1066 Bruxellensis
512 1002 564 1065 vel
587 1003 685 1065 etiam
701 1001 740 1065 de
756 1002 971 1069 Laurentiani
986 1007 1181 1071 auctoritate
1198 1009 1360 1089 agiturne
1427 1009 1454 1026 ”
1471 997 1502 1068 .”

107 1123 111 1132 ’
136 1123 430 1202 praetermittamus
453 1121 518 1184 iarn
541 1141 638 1201 supra
660 1122 770 1185 monui
791 1125 917 1186 ratione
940 1124 1129 1206 praescribi.

218 1238 345 1321 Quodsi
370 1259 455 1303 nuuc
484 1239 630 1302 codicem
657 1237 699 1317 A,
727 1260 967 1322 nonnumquam
996 1243 1094 1306 etiam
1122 1244 1160 1308 M
1187 1243 1222 1306 in
1247 1246 1359 1324 partes

136 1379 224 1436 voce,
263 1358 538 1440 praemonendum
575 1363 625 1420 est
660 1358 796 1421 rationis
832 1358 1031 1423 lineamenta
1069 1360 1231 1442 quaedam
1263 1358 1360 1422 hodie

135 1476 305 1541 ostendere
327 1476 406 1540 mihi
427 1477 460 1539 in
483 1478 590 1540 animo
614 1496 694 1554 esse,
722 1497 788 1540 non
811 1498 997 1559 expressam
1018 1478 1067 1542 rei
1088 1479 1270 1560 imaginem.
1316 1474 1361 1540 Ut

137 1598 245 1676 paucis
279 1618 330 1659 me
366 1595 561 1673 contineam,
599 1595 779 1676 complures
818 1595 957 1660 suadent
990 1616 1107 1660 causae
1142 1597 1360 1678 gravissimae.

136 1715 280 1778 Primum
313 1714 360 1776 eis
392 1733 475 1795 quae
503 1711 600 1776 hodie
628 1712 668 1776 de
695 1712 916 1807 Escorialensi
949 1715 1079 1795 cognita
1105 1715 1210 1779 habeo
1240 1713 1361 1778 ordinis

138 1833 321 1914 eclogarum
354 1853 418 1895 non
444 1831 564 1913 ubique
591 1831 638 1895 ita
664 1803 749 1895 ratic
777 1807 916 1896 habetur
942 1838 980 1896 ut
1005 1854 1065 1915 par
1093 1839 1150 1898 est.
1194 1825 1247 1896 xUt
1273 1831 1360 1895 haud

137 1972 209 2015 raro
247 1951 288 2014 ad
326 1950 429 2015 solum
460 1949 647 2014 Parisinum
678 1949 925 2031 confugiendum
957 1951 1007 2023 sit,
1045 1951 1099 2032 qui
1132 1951 1210 2014 licet
1241 1950 1359 2013 veteris

136 2057 264 2133 ordinis
279 2070 358 2132 satis
382 2076 479 2133 tenax
501 2071 552 2146 sit,
575 2073 685 2131 tamen
700 2067 756 2132 ubi
772 2068 945 2132 desciverit
960 2091 980 2132 a
996 2068 1155 2132 communi
1170 2068 1358 2134 recensione

132 2188 256 2252 facilius
280 2187 451 2252 diiudicari
472 2187 593 2269 poterit
614 2186 835 2250 Escorialensi
858 2188 953 2252 simul
975 2186 1131 2251 adhibite.
1177 2187 1358 2251 Praeterea

134 2307 317 2390 eclogarum
350 2305 429 2369 ordo
459 2326 554 2387 quem
586 2305 746 2389 expressit
772 2305 941 2370 Parisinus
970 2327 1055 2369 nunc
1082 2305 1181 2369 etiam
1208 2304 1358 2369 foliorum

136 2424 377 2490 traiectionibus
413 2423 501 2487 haud
538 2425 650 2506 paucis
686 2423 838 2489 turbatus
876 2430 934 2488 est.
992 2423 1087 2506 Quod
1120 2423 1357 2489 incommodum

134 2565 327 2626 quamquam
354 2542 516 2626 perspicio
545 2563 608 2624 qua
636 2543 760 2607 ratione
782 2541 933 2625 expediri
959 2545 1063 2626 possit
1089 2544 1139 2624 (of.
1163 2536 1357 2609 Gaissordus'

132 2668 153 2726 t.
168 2663 220 2730 IV
243 2685 272 2744 p.
298 2667 357 2726 353
382 2684 428 2744 sq.
454 2660 502 2725 ed.
519 2660 633 2742 Ilipa),
655 2667 765 2725 tamen
786 2664 890 2725 maior
913 2669 962 2726 est
985 2665 1132 2747 quaestio
1156 2683 1253 2745 quam
1273 2681 1356 2743 quae

131 2781 163 2844 in
185 2788 374 2845 transcursu
396 2778 592 2844 absolvatur.
629 2778 745 2861 Neque
765 2801 817 2844 res
833 2781 876 2844 ad
891 2781 1079 2846 umbilicum
1093 2781 1212 2846 adduci
1227 2780 1356 2862 poterit,

131 2871 190 2963 nisi
218 2891 318 2964 etiam
342 2899 376 2962 in
399 2897 677 2962 Trincavellianae
701 2897 757 2980 (T)
781 2899 937 2982 originem
963 2899 1148 2982 diligentius
1167 2899 1356 2980 inquisitum

131 3020 198 3084 erit.
244 3017 300 3084 Sic
328 3018 440 3100 paucis
471 3015 750 3080 observationibus
778 3017 889 3101 eisque
921 3039 1004 3101 quae
1033 3019 1075 3082 ad
1103 3017 1356 3082 confirmandam

131 3138 350 3203 Bruxeliensis
367 3136 595 3200 auctoritatem
612 3134 707 3198 hodie
724 3135 871 3200 sufficere
887 3136 1066 3200 existimem
1076 3136 1137 3200 hoc
1149 3158 1356 3220 programma

132 3257 288 3322 contineri
317 3255 398 3319 vole.
442 3253 495 3318 De
517 3253 737 3318 Escorialensi
769 3262 877 3320 autem
904 3255 985 3319 nihil
1012 3277 1096 3319 nunc
1120 3256 1192 3320 dico
1215 3256 1277 3319 nisi
1299 3254 1356 3318 ubi

131 3376 169 3439 de
192 3374 306 3439 ordine
329 3375 514 3454 eclogarum
537 3374 657 3437 diserte
681 3373 804 3456 aliquid
827 3379 995 3438 enotatum
1017 3374 1132 3438 habeo,
1169 3372 1226 3438 Ad
1241 3393 1355 3436 manus

130 3495 206 3557 mihi
234 3499 285 3557 est
315 3493 446 3557 collatio
473 3495 568 3576 primi
595 3492 765 3556 voluminis
794 3490 1016 3556 Gaisfordiani
1042 3515 1061 3557 a
1089 3491 1186 3556 docto
1215 3491 1355 3574 quodam

130 3612 255 3676 Batavo
279 3612 354 3674 olim
376 3612 409 3674 in
426 3609 467 3675 G.
483 3612 645 3677 Dindorfii
667 3632 760 3676 usum
784 3610 932 3674 confecta
953 3611 1005 3687 (cf.
1023 3609 1355 3675 G-.Dind01-fPh1101.

129 3738 150 3794 t.
166 3729 276 3796 XVII
298 3753 328 3812 p.
352 3733 439 3815 337).
476 3730 618 3795 Parisini
640 3730 760 3794 bonam
781 3734 908 3811 partem
929 3730 997 3811 ipse
1015 3729 1144 3810 contuli,
1167 3730 1262 3811 plura
1278 3728 1355 3792 mihi

128 3850 254 3932 paravit
275 3845 447 3930 Segofredi
469 3849 610 3914 Mekleri
633 3849 809 3928 diligentia.

209 3967 262 4032 Ne
306 3967 432 4049 longius
472 3968 785 4051 circumspiciamuS,
830 3965 998 4029 exordium
1034 3971 1165 4030 sumunt
1200 3971 1355 4048 excerpta

127 4085 353 4150 Bruxellensia
383 4086 406 4150 f.
434 4091 464 4149 1τ
493 4087 534 4150 ab
564 4087 622 4150 ecl.
654 4092 680 4164 1,
716 4089 754 4148 29
786 4082 973 4167 Πυθαγόρας
1002 4081 1062 4168 ἔφη
1092 4084 1162 4164 κτὲ.,
1191 4105 1274 4166 quae
1303 4104 1355 4147 ex·

127 4206 244 4288 cipitur
270 4203 377 4268 verbis
406 4203 602 4268 ἀνανεούσθω
626 4229 671 4268 σοι
693 4205 709 4266 ὁ
732 4201 804 4287 περὶ
826 4207 886 4264 τῶν
910 4201 1036 4284 ἀγαθῶν
1060 4200 1149 4284 λόγος
1172 4199 1355 4283 καθημέραν

129 4326 247 4405 μᾶλλον
274 4323 294 4405 ἢ
318 4323 356 4389 τὰ
378 4318 465 4401 σιτία,
496 4324 571 4388 dein
592 4323 692 4387 tertia
715 4321 903 4403 adiungitur
926 4326 953 4400 l,
982 4325 1020 4383 19
1045 4316 1194 4402 ἄγρυπνος
1218 4315 1269 4379 ἔσο
1291 4317 1354 4378 κτὲ.
