3254 5022
1325 285 1327 292 ’
1369 305 1387 362 u

161 481 204 542 ἐκ
227 483 292 542 τοῦ
316 476 386 563 περὶ
407 480 593 564 φρονήσεως,
618 501 682 545 non
697 481 802 546 solum
817 478 892 565 περὶ-
903 481 1078 567 φρονήσεως
1095 479 1228 544 consilio
1245 500 1282 546 eo
1299 480 1386 562 quod
1445 480 1448 485 ’

162 598 259 662 modo
283 597 539 680 significavimus.
585 596 648 662 Oui
670 599 803 664 consilio
832 603 952 683 optime
985 599 1083 663 etiam
1110 598 1258 690 convenit
1288 619 1395 670 unum.

162 717 257 782 huius
285 716 483 781 inscribendi
511 717 638 800 generis
662 719 844 801 exemplum
866 719 953 802 quod
975 719 1008 782 in
1030 717 1137 800 priore
1161 722 1386 798 excerptorum

129 911 131 915 ,
162 839 257 918 parte
285 857 370 900 nunc
392 835 529 918 reperiri
549 834 616 900 iam
638 857 736 918 supra
757 839 947 902 monuimus.
992 836 1033 900 In
1054 836 1158 917 primo
1181 835 1288 917 capite
1309 835 1331 899 f.
1353 841 1386 898 θ’

161 955 247 1019 inter
270 953 328 1018 ecl.
355 959 380 1032 1,
404 959 454 1018 95·
468 959 500 1018 et
525 959 551 1032 l,
575 959 614 1018 96
636 954 768 1019 inicitur
778 956 849 1040 jeci.
873 960 923 1034 23,
948 959 986 1019 18
1009 953 1120 1019 addito
1141 953 1258 1036 capitis
1273 951 1385 1018 vicesi-

163 1073 208 1136 mi
237 1072 328 1137 tertii
353 1071 448 1137 titulo
476 1073 522 1136 sic
550 1074 585 1136 ἐκ
612 1077 665 1134 cod
694 1073 762 1156 cepi
791 1069 962 1158 φιλαυτίας.
1011 1072 1164 1137 Recessit
1188 1077 1298 1136 autem
1324 1072 1386 1136 hoc

163 1190 235 1254 loco
253 1195 422 1272 excerptor
438 1190 479 1254 ab
496 1191 682 1273 eclogarum
697 1193 808 1258 ordine
825 1215 920 1278 quem
934 1195 1134 1288 reppererat,
1149 1190 1237 1274 quod
1251 1190 1388 1255 duorum

164 1307 321 1372 librorum
350 1329 508 1374 consensu
529 1308 671 1374 Parisini
699 1332 794 1393 quem
817 1310 850 1375 A
871 1317 989 1375 vocant
1011 1317 1044 1375 et
1058 1308 1319 1377 Vindobonensis
1335 1307 1386 1395 (S)

163 1428 247 1490 satis
270 1433 382 1510 aperte
408 1427 565 1510 proditur.
610 1428 651 1491 In
678 1434 816 1512 utroque
845 1429 902 1493 ecl.
929 1433 978 1506 23,
1009 1434 1047 1492 18
1078 1449 1135 1493 suo
1163 1428 1235 1492 loco
1259 1427 1387 1510 legitur,
1426 1440 1429 1444 '

165 1565 230 1608 non
255 1545 288 1610 in
319 1547 424 1628 capite
453 1549 566 1629 primo.
611 1544 683 1612 Nec
716 1569 773 1612 cur
801 1547 911 1612 sedem
934 1551 1059 1612 mutare
1088 1546 1220 1610 iusserit
1241 1545 1387 1627 eclogam

164 1660 385 1728 Bruxellensis
414 1664 585 1729 obscurum
614 1671 671 1731 est
715 1666 814 1744 Inter
836 1666 916 1730 duos
941 1665 1089 1730 Platonis
1119 1663 1159 1728 de
1185 1665 1311 1746 legibus
1342 1662 1388 1750 (V

164 1802 195 1863 p.
226 1787 313 1847 727e
345 1789 378 1846 et
407 1783 478 1850 VII
507 1807 538 1866 p.
573 1789 635 1848 808
647 1785 681 1870 b)
711 1785 799 1849 locos
833 1786 965 1848 tertium
999 1805 1038 1848 ex
1069 1783 1183 1848 eodem
1217 1804 1314 1865 opere
1347 1780 1387 1846 de

164 1899 290 1981 legibus
313 1901 476 1985 priorique
499 1903 638 1967 vicinum
655 1901 700 1988 (V
721 1924 752 1985 p.
778 1909 835 1969 731
851 1903 1062 1987 dtjnterponi
1076 1901 1199 1966 maluit.
1236 1901 1388 1965 Removit

165 2018 264 2100 igitur
292 2020 438 2102 eclogam
467 2041 506 2084 ex
533 2041 590 2084 suo
619 2021 724 2103 capite
754 2021 787 2084 in
815 2022 953 2104 primum
976 2019 1034 2084 scd
1058 2019 1192 2102 propria
1220 2019 1296 2083 sede
1325 2039 1383 2083 suo

165 2156 255 2201 more
278 2138 421 2202 indicata
443 2139 478 2201 ἐκ
499 2142 555 2201 τοῦ
571 2135 639 2223 περὶ
656 2136 827 2223 φιλαυτίας.
865 2140 911 2204 Ut
925 2129 1034 2204 autem
1048 2138 1111 2202 hoc
1125 2137 1197 2200 loco
1213 2137 1387 2220 genuinum

166 2253 313 2319 ordinem
336 2263 505 2340 excerptor
526 2257 666 2340 reliquit,
689 2259 736 2322 ita
759 2279 831 2322 curn
854 2260 976 2323 cavisse
999 2257 1204 2322 manifestum
1227 2261 1276 2320 est
1297 2276 1338 2318 ne
1353 2253 1388 2316 id

166 2373 251 2436 clam
278 2375 400 2440 lectore
428 2375 559 2440 iaceret.
604 2377 679 2440 Hoc
707 2377 792 2441 addo
817 2377 914 2440 etiam
937 2382 1124 2440 contextum
1146 2363 1331 2457 eclogarum
1353 2373 1388 2438 in

164 2492 345 2574 posteriore
371 2500 477 2576 ,parte
509 2493 548 2558 de
584 2517 648 2577 qua
678 2496 785 2577 agitur
818 2497 961 2560 eiusdem
993 2515 1062 2558 esse
1090 2495 1199 2577 stirpis
1228 2497 1325 2575 atque
1354 2492 1388 2554 in

164 2611 282 2692 priore.
326 2612 439 2678 Habet
465 2613 612 2677 hioillic
643 2614 737 2696 plura
766 2634 863 2695 quam
891 2612 1019 2676 codices
1042 2613 1153 2691 nostri,
1181 2613 1266 2675 inter
1287 2629 1386 2674 novos

164 2729 371 2796 librariorum
394 2752 518 2796 errores
539 2733 680 2795 emicant
700 2751 941 2812 nonnumquam
963 2732 1103 2796 melioris
1119 2736 1216 2795 notae
1231 2719 1386 2793 lectiones

164 2847 308 2912 velutin
330 2850 388 2914 ecl¹
412 2855 440 2931 3,
465 2855 503 2914 79
528 2856 560 2914 et
582 2855 632 2927 80,
654 2850 688 2912 in
709 2849 894 2913 universum
917 2855 1033 2928 autem,
1061 2850 1088 2913 si
1110 2849 1171 2914 hoc
1194 2849 1271 2913 licet
1293 2866 1386 2910 occu-

164 2987 253 3050 pare,
282 2967 348 3032 fere
377 2967 463 3032 idem
492 2969 689 3032 recensionis
716 2968 822 3032 vultus
853 2972 902 3030 est
931 2972 1028 3049 atquc
1055 2967 1178 3040 codicis
1205 2967 1248 3030 A.
1292 2965 1388 3029 Haec

164 3107 240 3150 vero
272 3106 355 3168 quae
388 3086 489 3150 totius
526 3087 671 3171 syllogae
708 3087 882 3168 conspicua
910 3092 960 3149 est
987 3086 1164 3150 communis
1190 3083 1387 3164 recensionis

164 3209 244 3267 nota
266 3203 364 3268 etiam
386 3205 419 3268 in
443 3226 542 3295 causa
563 3206 656 3310 nobis
680 3210 737 3282 est,
767 3225 824 3268 cur
846 3204 1029 3286 praefracte
1051 3225 1213 3286 negemus,
1244 3202 1279 3267 id
1301 3201 1387 3284 quod

165 3321 326 3404 quispiam
365 3323 511 3388 conicere
554 3324 657 3405 possit
696 3321 916 3403 inscriptionis
956 3342 1079 3385 memor
1121 3343 1219 3404 supra
1257 3320 1387 3384 adlatae

164 3439 315 3504 nimirum
342 3462 562 3523 quaecumque
591 3441 801 3522 egrediuntur
831 3441 964 3504 tertium
990 3440 1108 3504 librum
1136 3440 1218 3505 alius
1248 3438 1386 3502 fortasse

165 3559 297 3640 originis
329 3540 408 3624 esse.
460 3558 567 3642 Quam
600 3559 782 3641 opinionem
816 3578 880 3621 non
913 3559 1016 3639 magis
1050 3579 1160 3623 veram
1193 3578 1262 3620 esse
1290 3577 1387 3639 quarn

164 3677 302 3742 alteram
333 3677 428 3742 modo
455 3677 630 3742 refutatam
656 3678 709 3740 vix
736 3681 786 3739 est
813 3697 871 3740 cur
893 3675 1040 3758 pluribus
1064 3676 1290 3740 demonstrem.
1335 3671 1387 3738 Ne

163 3800 321 3876 repetam·
351 3795 437 3877 quod
475 3795 570 3882 modo
607 3795 647 3859 de
684 3800 828 3859 extrema
861 3801 954 3876 parte
988 3795 1122 3858 evicisse
1155 3793 1233 3857 mibi
1265 3791 1385 3868 videor,

164 3913 263 3976 ctiam
293 3913 327 3976 in
356 3933 468 3977 eorum
499 3913 641 3996 capitum
669 3915 829 3995 excerptis
860 3932 942 3995 quae
965 3933 985 3975 a
1008 3912 1114 3994 capite
1137 3910 1385 3995 quadragesimo

164 4031 262 4094 tertio
295 4051 397 4114 usque
430 4031 473 4095 ad
507 4033 596 4096 tertii
627 4032 742 4114 capitis
780 4030 926 4112 eclogam
961 4030 1234 4113 septuagesimam
1268 4048 1387 4092 nonam

163 4147 374 4230 porriguntur
403 4149 486 4214 alius
514 4149 613 4213 fontis
640 4149 690 4212 vel
717 4149 915 4214 recensionis
943 4168 1004 4211 nec
1031 4148 1103 4211 vola
1130 4168 1190 4212 nec
1217 4145 1388 4228 vestigium

163 4266 332 4346 reperitur.
383 4266 495 4351 Atque
530 4272 567 4331 ut
602 4267 635 4331 in
668 4266 830 4350 prioribus
863 4267 909 4331 sic
942 4267 1040 4330 etiam
1070 4265 1104 4329 in
1136 4264 1186 4328 his
1225 4263 1386 4345 capitibus
