3254 5022
313 550 315 556 ·
390 510 439 575 Le
463 524 511 571 ms
533 505 693 572 renferme
721 507 903 589 egalement
925 508 1081 592 quelques
1104 513 1310 577 annotatione
1332 513 1532 595 marginales

306 651 344 696 en
362 649 435 714 qrec
457 626 624 711 (citations
652 626 692 689 de
714 624 844 704 Platon,
868 626 908 690 de
932 624 1064 707 Sextus,
1088 628 1128 692 de
1153 629 1312 712 Procope,
1344 652 1416 696 vers
1440 633 1532 696 chre·

306 749 399 824 tiene,
423 746 538 829 gloses,
566 743 632 831 eto)
654 749 833 826 provenant
855 744 896 808 de
919 743 1104 811 differentes
1126 747 1239 825 mains,
1264 747 1345 812 mais
1369 748 1533 832 d’epoque

305 870 448 932 recente.

390 983 439 1048 Le
461 986 550 1047 texte
575 980 619 1045 du
648 977 768 1046 Stobee
791 983 941 1062 presente
968 1003 1011 1045 un
1035 982 1159 1046 certain
1180 985 1315 1048 nombre
1338 985 1379 1049 de
1402 1006 1533 1050 correc-

306 1104 400 1168 tione.
445 1101 489 1166 Je
512 1101 586 1164 n'en
610 1100 642 1164 ai
663 1119 721 1181 pas
746 1119 862 1164 encore
886 1097 1117 1163 suffisamment
1139 1100 1247 1166 etudie
1270 1102 1419 1185 l’origine
1445 1108 1481 1167 et
1501 1103 1534 1166 la

306 1223 432 1286 valeur:
466 1219 514 1284 les
540 1218 736 1282 indicatione
767 1240 788 1301 y
818 1217 970 1281 relatives
1005 1217 1084 1282 dans
1114 1218 1147 1282 la
1174 1220 1328 1285 collation
1361 1222 1534 1304 imprimes

306 1340 454 1406 auraient
475 1339 638 1420 pentetre
660 1337 773 1400 besoin
794 1335 898 1400 d’etre
919 1335 1080 1400 rectifiees
1104 1357 1143 1400 en
1165 1339 1322 1421 quelques
1344 1340 1477 1421 points’.

391 1457 580 1523 Accuratae
601 1453 677 1518 huic
700 1453 920 1535 descriptioni,
947 1475 1031 1537 quae
1058 1455 1157 1518 totius
1185 1455 1306 1519 codicis
1329 1457 1534 1520 miscellanei

307 1584 473 1644 externam
500 1573 603 1655 magis
632 1570 856 1636 condicionem
886 1577 961 1636 ante
985 1572 1094 1634 oculos
1118 1579 1226 1655 ponat,
1249 1575 1315 1639 iam
1338 1575 1533 1657 explicatius

307 1720 346 1763 ea
361 1696 508 1762 subicere
523 1691 605 1756 libet
620 1709 703 1775 quae
719 1690 828 1754 valent
850 1689 893 1754 ad
912 1689 1012 1771 ipsius
1028 1693 1131 1772 partis
1148 1689 1353 1756 Stobaeanae
1369 1694 1533 1758 rationem

305 1811 542 1880 illustrandam.
586 1810 628 1874 In
654 1809 766 1891 primis
790 1813 899 1872 autem
921 1828 1115 1891 praemoneo
1139 1810 1308 1891 sexaginta
1330 1831 1387 1876 sex
1410 1811 1533 1876 codicis

305 1933 401 2011 loliis,
417 1931 533 2014 quibus
550 1925 738 1992 Stobaeana
754 1927 968 2005 continentur,
991 1925 1161 2008 Florilegii
1180 1950 1209 2010 q.
1235 1930 1264 1992 d.
1289 1935 1434 2012 escerpto
1446 1929 1531 2026 dari,
1594 1997 1595 2008 γ

307 2073 371 2116 non
400 2051 563 2129 integram
586 2045 917 2128 'quantulamcumque
948 2045 1054 2128 operis
1084 2045 1287 2128 particulam.
1338 2028 1425 2112 Suu-l
1444 2025 1531 2112 ’sane
1594 2027 1595 2044 ί

307 2190 391 2254 quae
431 2189 471 2232 ex
509 2163 715 2228 Bruxellensi
758 2163 810 2226 vel
850 2185 934 2228 nova
971 2162 1139 2242 accedant,
1178 2169 1288 2229 tamen
1332 2167 1532 2249 singulorum

308 2287 451 2370 capitum
478 2281 609 2363 eclogae
637 2280 719 2343 adeo
751 2299 815 2342 non
843 2280 1085 2360 exhauriuntur,
1112 2286 1149 2344 ut
1176 2283 1204 2344 si
1231 2304 1300 2347 rem
1322 2284 1365 2349 ad
1388 2284 1532 2348 calculos

306 2402 508 2471 revocaveris
535 2401 588 2464 vix
616 2398 747 2494 tertiam
774 2398 864 2461 tertii
885 2397 960 2480 libri
984 2403 1111 2486 partem
1135 2400 1300 2484 excedant,
1327 2407 1415 2466 certe
1439 2401 1531 2466 dimi-

204 2550 215 2568 *
307 2525 394 2589 diam
427 2541 491 2586 non
512 2495 714 2601 ‘exaequent
759 2516 876 2598 Neque
911 2517 1010 2598 igitur
1042 2517 1105 2582 hoc
1138 2519 1268 2600 quidem
1301 2521 1430 2586 nomine
1459 2539 1531 2585 cum

306 2782 367 2827 nec
391 2760 460 2824 sola
474 2755 681 2821 librariorum
695 2754 901 2850 neglegentia
917 2755 979 2817 erit
993 2755 1182 2835 incusanda,
1201 2757 1259 2821 ubi
1275 2758 1315 2822 de
1331 2755 1531 2839 excerptoris

307 2880 414 2963 potius
431 2873 565 2940 consilio
581 2873 661 2959 (sive
677 2871 848 2936 arbitrium
863 2872 964 2936 mavis
981 2872 1100 2955 dicere)
1117 2875 1400 2956 cogitandum-est.
1434 2872 1530 2957 Quod

309 2996 476 3063 consilium
503 2984 550 3056 ita
575 2996 613 3055 ut
641 2990 743 3055 omnis
776 2989 937 3055 dubitatio
972 2992 1131 3056 eximatur
1158 2992 1228 3074 ipse
1257 2993 1364 3075 aperit
1393 2995 1454 3057 hac
1482 2995 1531 3058 in·

308 3115 482 3197 scriptione
506 3111 626 3174 datas.
653 3110 693 3174 1¹:
714 3105 878 3192 Ἐκλογὴ
908 3107 979 3172 ἀπὸ
1002 3113 1066 3173 τοῦ
1090 3105 1241 3195 βιβλίου
1268 3113 1320 3174 τοῦ
1349 3112 1530 3194 ποιηθέντος

305 3232 435 3316 Ἰωάννῃ
459 3224 651 3314 τῷΣτοβαίῳ
674 3228 811 3310 έκλογῶν
835 3226 1084 3311 ἀποφθεγμάτων
1107 3227 1158 3292 καὶ
1182 3228 1356 3312 ὑποθηκῶν.
1380 3227 1530 3314 εὑρίσκον-

307 3376 357 3416 ται
385 3353 419 3414 δέ
449 3343 553 3435 βιβλία
581 3346 729 3430 τέσσαρα.
758 3346 931 3430 προσφωνεῖ
965 3345 999 3409 δέ
1031 3350 1126 3409 ταῦτα
1156 3347 1229 3432 πρὸς
1264 3345 1426 3432 Σεπτίμιον
1454 3344 1531 3412 ἴδιον

308 3469 384 3534 υἱόν.
407 3467 470 3532 ἔστι
493 3467 526 3530 δὲ
549 3463 704 3528 αὐτῶντὸ
733 3462 788 3547 μὲν
810 3471 930 3547 πρῶτον
954 3460 1072 3548 βιβλίον
1094 3466 1229 3550 φυσικόν,
1251 3471 1304 3529 τοῦ
1329 3465 1362 3529 δέ
1386 3465 1530 3550 δευτέρου

308 3587 342 3651 τὸ
359 3588 413 3672 μέν
428 3611 457 3649 τι
474 3587 605 3670 λογικόν,
627 3583 662 3646 τὸ
686 3585 720 3648 δὲ
743 3581 849 3646 λοιπὸν
872 3579 924 3646 καὶ
947 3583 1092 3647 πλεῖστον
1106 3584 1223 3668 ἠθικόν.
1247 3584 1335 3648 duod
1352 3585 1529 3669 φιλομαθὴς

309 3709 351 3770 ὢν
374 3706 514 3790 ζητήσεις
536 3701 589 3766 καὶ
616 3704 762 3787 εὑρήσεις.
792 3697 844 3764 καί
872 3725 907 3784 γε
936 3702 1055 3786 πολλὴν
1086 3703 1121 3766 ἐκ
1150 3703 1265 3767 τούτων
1295 3705 1444 3788 καρπώσῃ
1475 3701 1529 3784 τὴν

308 3826 472 3911 ὠφέλειαν.
496 3820 530 3885 τὸ
554 3819 636 3904 λέγε
660 3819 755 3903 παρὸν
777 3814 877 3904 τρίτον
904 3819 938 3882 ὒν
969 3815 1087 3905 βιβλίον
1117 3823 1254 3906 περιέχει
1285 3821 1442 3907 κεφάλαια
1464 3821 1523 3904 μβ·

307 3949 425 4029 πρῶτον
448 3938 517 4026 περὶ
542 3941 660 4024 ἀρετῆς,
688 3935 757 4001 εἶτα
779 3934 849 4022 περὶ
873 3934 990 4019 κακίας,
1018 3937 1087 4021 περὶ
1111 3941 1285 4024 φρονήσεως
1311 3938 1363 4006 καὶ
1387 3941 1528 4023 καθεξῆς.

311 4061 403 4128 Nihil
429 4061 529 4142 igitur
555 4058 617 4122 nisi
645 4058 819 4141 epitomam
847 4056 925 4120 dare
952 4058 1142 4123 instituitis
1165 4060 1362 4143 quilibrum
1385 4059 1529 4124 condidit

310 4199 445 4262 eamque
472 4176 701 4242 Stobaeanam.
745 4174 955 4257 Inscriptioni
979 4177 1154 4242 consimilis
1177 4199 1204 4242 e.
1227 4198 1273 4260 gr.
1297 4197 1337 4242 ea
1359 4184 1409 4242 est
1432 4198 1528 4261 quam

308 4298 474 4364 Macarivis
502 4294 780 4379 Chrysocephalus
807 4295 968 4375 excerptis
997 4296 1063 4360 suis
1085 4296 1254 4379 praemisit
1275 4297 1309 4362 in
1332 4297 1401 4360 cod.
1422 4295 1526 4362 Marc.

306 2637 537 2724 integrioribus
567 2635 738 2718 Florilegii
765 2635 931 2700 codicibus
958 2639 1066 2718 potest
1094 2639 1276 2719 comparari
1300 2637 1532 2715 Bruxellensis,
1595 2683 1596 2704 ι
