3254 5022
1372 342 1389 399 9

165 511 398 596 denegabimus
425 513 512 597 quod
538 513 683 579 nonnulli
709 514 760 578 val
781 511 977 595 Angelicani
1007 513 1203 596 gnomologii
1230 513 1391 580 conditori

164 629 413 712 largiebantur?
453 629 501 695 Ut
529 635 686 696 incertam
716 631 757 696 dc
778 630 1002 714 Angelicanae
1030 631 1248 697 bibliothecae
1278 633 1390 697 codice

163 769 234 812 rem
256 770 342 813 nunc
364 750 492 813 mittam
515 749 571 831 (of.
586 749 731 815 Dilesius
746 749 890 833 Doxogr.
913 772 943 833 p.
966 755 1053 814 3211.
1072 755 1098 829 1,
1121 750 1389 815 Waehsmuthius

166 867 187 931 l.
211 888 236 931 s.
259 889 290 949 p.
314 871 376 950 55),
405 867 445 930 de
472 866 676 932 Bruxellensi
704 869 851 952 quaestio
874 889 938 933 uno
962 869 1076 951 opinor
1098 868 1194 933 verbo
1217 868 1390 951 profligata

166 986 242 1049 erit:
277 986 384 1068 operis
413 983 590 1050 Stobacani
620 986 720 1074 libro-s
738 987 990 1078 ‘dms-julitte&
1022 1008 1101 1070 quos
1129 988 1313 1070 planissime
1336 1007 1389 1050 ex·
1431 1044 1458 1066 f

167 1103 277 1168 hausit
297 1093 547 1182 laurentianus,
574 1090 793 1169 Brunellensis
814 1127 855 1169 ne
878 1105 1148 1198 tetigit-quidem.
1192 1106 1268 1170 Nisi
1291 1105 1390 1187 igitur

166 1222 310 1286 volemus
333 1222 426 1304 quasi
447 1223 480 1285 in
503 1222 593 1288 clara
614 1199 1051 1302 luoe‘cae‘outffa'cbdicem
1066 1246 1105 1288 ex
1120 1243 1183 1306 quo
1198 1222 1389 1288 Bmxellen-

165 1341 209 1405 sis
232 1361 290 1405 sua
314 1341 484 1424 descripsit
510 1341 647 1434 adeam
669 1342 776 1426 potius
800 1319 941 1407 aetatem
963 1339 1139 1407 referamus
1162 1361 1294 1406 necesse
1318 1342 1388 1419 erit,
1460 1414 1463 1425 ,

163 1445 231 1541 pua
257 1465 361 1524 totum
387 1464 541 1541 quattuor
567 1460 723 1526 librorum
751 1460 972 1543 anthologium
1000 1461 1065 1524 iam
1091 1459 1125 1522 in
1153 1459 1216 1523 duo
1239 1459 1389 1523 binorum
1543 1502 1548 1517 ,

166 1559 508 1678 l'ibnffilumina
529 1575 628 1672 dividi
651 1586 801 1664 coeptum
824 1585 903 1643 erat.
942 1579 1132 1643 Recentiori
1154 1578 1228 1642 huic
1251 1578 1387 1642 Bruxel-

165 1696 265 1760 lensis
293 1698 395 1760 aetati
424 1698 573 1780 congruit
601 1697 688 1780 quod
716 1698 749 1761 in
776 1698 822 1761 eis
849 1698 997 1780 partibus
1025 1718 1106 1780 quas
1129 1695 1224 1760 ambo
1248 1697 1388 1779 exscrip-

167 1819 278 1878 serunt
304 1814 383 1878 nihil
405 1815 506 1879 habet
527 1815 637 1896 Brux,
669 1815 756 1900 quod
777 1838 842 1881 non
863 1817 895 1879 in
918 1814 1017 1880 Laur.
1041 1821 1238 1898 compareat.
1281 1814 1334 1879 Ac
1362 1816 1389 1878 si

166 1932 331 1997 tenebitur
346 1953 409 2016 quo
426 1933 545 1998 daiam
560 1955 653 1998 nemo
669 1935 822 2017 ambigat,
840 1954 905 2031 non
920 1934 982 1997 nisi
996 1934 1168 2034 Florilegii
1177 1956 1211 2037 η.
1229 1933 1259 1997 d.
1276 1933 1387 2032 codice
1493 2020 1500 2028 ι

955 2022 1128 2042 W

165 2072 259 2115 usum
275 2072 344 2114 osse
360 2052 614 2130 Bruxellensem,
636 2052 711 2117 inde
728 2053 807 2116 satis
824 2052 990 2117 commode
1005 2053 1103 2116 etiam
1119 2052 1307 2134 explicatur,
1332 2074 1389 2116 cur
1453 2041 1458 2048 ’

165 2163 275 2234 Photii
287 2168 519 2234 bibliothecam
531 2170 571 2234 de
583 2175 652 2234 toto
666 2169 1171 2254 opereStobaeanoconsuluerit.
1191 2169 1388 2253 Repperisse
1454 2154 1458 2162 ⁵

167 2288 315 2352 nimirum
340 2288 501 2371 putandus
525 2290 587 2353 erit
599 2289 633 2352 in
648 2290 739 2353 initio
755 2291 804 2354 sui
820 2289 941 2354 codicis
955 2291 1043 2354 tertii
1056 2289 1131 2354 libri
1145 2289 1388 2372 inscriptionem

167 2405 267 2470 talem
288 2407 365 2486 fere,
389 2407 517 2489 qualem
540 2409 638 2471 etiam
659 2409 799 2471 nuncin
823 2409 936 2473 codice
959 2407 1204 2476 Vindobonensi
1227 2415 1388 2473 servatam

166 2545 237 2590 esse
259 2532 371 2590 notum
394 2532 444 2589 est
466 2532 542 2590 ante
566 2548 592 2590 c.
609 2532 649 2590 43
666 2525 807 2589 Ἰωάννου
825 2521 967 2610 οτοβαίου
985 2525 1122 2607 ἐκλογῶν
1139 2523 1388 2609 ἀποφθεγμάτων

168 2643 344 2725 ὑποθηκῶν
360 2641 489 2728 ἄρχεται
505 2640 623 2730 βιβλίον
639 2647 674 2725 δ’,
697 2649 733 2708 ut
747 2645 816 2707 iure
832 2644 1019 2722 haesitaret,
1043 2665 1183 2725 quonam
1205 2645 1292 2709 tertii
1313 2644 1388 2710 libri

166 2782 318 2826 numerus
341 2768 506 2845 spectaret
527 2765 562 2827 in
584 2764 684 2828 totius
707 2767 744 2826 ut
764 2760 935 2826 videbatur
958 2762 1064 2845 operis
1084 2762 1177 2826 initio
1201 2763 1387 2829 collocatus.

167 2878 264 2945 Adiit
284 2881 384 2963 igitur
398 2881 510 2946 Photii
532 2881 793 2958 bibliothecam,
818 2879 903 2944 unde
917 2880 1001 2945 hanc
1018 2881 1080 2944 sibi
1095 2881 1274 2964 desumpsit
1288 2883 1387 2947 totius

166 2999 274 3082 operis
297 3001 446 3064 notitiam
468 3000 676 3065 litterariam:

165 3182 262 3249 Phct.
278 3184 347 3249 cod.
357 3183 526 3253 CLXVII
539 3185 746 3270 p.112Bekk.
1003 3186 1102 3250 Brun.
1126 3185 1147 3249 f.
1174 3191 1204 3248 lr

208 3316 398 3404 Ἀνεγνώοθη
427 3317 568 3383 Ἰωάννου
601 3317 751 3402 Στοβαίου
844 3315 981 3402 Ἐκλογὴ
1015 3319 1073 3382 ἀπὸ
1104 3325 1157 3382 τοῦ
1187 3319 1307 3402 βιβλίου
1336 3325 1388 3382 τοῦ

166 3437 302 3520 ἐκλογῶν
320 3440 568 3524 ἀποφθεγμάτων
585 3439 751 3522 ὑποθηκῶν
803 3437 984 3520 ποιηθέντος
1007 3437 1160 3523 ’Ἰωάννη1
1188 3445 1232 3520 τῷ
1256 3435 1387 3522 οτοβαίιμ

168 3553 273 3640 βιβλία
303 3556 435 3642 τέσσαρα
462 3560 493 3622 ἐν
520 3560 643 3642 τεύχεσι
674 3553 750 3620 δυσί·
803 3557 940 3638 ἐκλογῶν
968 3556 1216 3641 ἀποφθεγμάτων
1243 3554 1293 3618 καὶ
1317 3559 1388 3620 ὑπο-

167 3678 343 3758 προοφωνεῐ
358 3678 391 3740 δὲ
407 3681 509 3755 ταῦτα,
529 3671 568 3740 hu*
579 3679 613 3740 ὃν
630 3674 679 3737 καὶ
697 3676 750 3758 την
803 3675 920 3758 θηκῶν.
931 3674 1119 3759 εὑρίσκονται
1132 3669 1387 3757 δὲβιβλὶατέοοα·

166 3792 359 3876 ουνάθμοιοιν
409 3800 610 3880 φιλοπονῆοαι
658 3796 750 3876 λέγει,
767 3810 781 3854 5
801 3816 847 3876 po.
870 3795 1046 3877 προσφωνεῖ
1062 3796 1206 3856 δὲταῦτα
1221 3791 1294 3875 πρὸς
1309 3791 1385 3854 Σεπ-

168 3906 324 3995 Σεπτιμίῳ
360 3911 429 3998 ἰδίῳ
470 3911 678 3998 υἱῷ....ἔοτι
716 3911 749 3975 δὲ
802 3909 902 3994 τίμιον
929 3906 1006 3974 ἴδιον
1028 3909 1101 3974 υἱόν.
1148 3908 1210 3973 ἔστι
1233 3909 1266 3972 δὲ
1289 3910 1387 3971 αὐτῶν

167 4029 249 4113 αὐτῷ
267 4029 300 4093 τὸ
325 4029 379 4112 μὲν
395 4036 514 4115 πρῶτον
531 4033 648 4116 βιβλίον
665 4055 749 4116 φυοι-
803 4030 836 4093 τὸ
869 4029 922 4112 μὲν
950 4036 1070 4114 πρῶτον
1101 4027 1220 4114 βιβλίον
1253 4032 1387 4113 φυσικόν,

236 4231 373 4306 1Ἰωοὶννῃ
391 4255 440 4303 pro
457 4233 583 4289 Ἰωάννου
601 4242 631 4289 P.
650 4242 775 4290 Thomas.
810 4240 902 4288 Pauca
920 4238 973 4288 alia
990 4238 1018 4286 id
1036 4251 1119 4300 genus
1138 4251 1206 4298 quae
1225 4235 1282 4285 cod.
1303 4235 1385 4285 habet

163 4321 246 4370 tacite
264 4323 376 4376 correxi.
446 4347 456 4368 .
