3254 5022
1335 374 1376 434 33

153 538 265 628 βλίχου
299 543 334 606 έκ
368 545 420 622 τῆς
436 540 517 625 πρὸς
545 537 610 611 Φῖυτ
638 543 714 632 (sic)
738 543 906 629 ἐπιστολῆς,
933 543 1003 631 περὶ
1031 545 1149 632 ἀρετῆς.
1192 547 1256 612 Est
1277 549 1377 632 igitur

152 661 370 744 fragmentum
399 661 558 743 epistulae
589 661 630 726 de
658 662 777 728 virtute
805 663 848 728 ad
875 663 1049 747 Sopolrum
1075 665 1182 744 delae,
1211 688 1307 749 quam
1328 666 1377 730 ita

152 800 250 862 caepe
273 780 444 863 exscripsit
466 777 627 844 Stobaeuc
651 779 703 864 (cf.
725 781 888 870 Meinelrii
910 782 1010 869 praef.
1034 781 1079 848 cd
1099 783 1150 849 Pl.
1172 806 1201 848 ν.
1224 783 1252 848 Ι.
1275 806 1307 866 p.
1328 782 1376 863 V;

153 897 303 963 Eliorum
324 920 355 982 p.
370 901 412 963 20
434 919 465 962 n.
482 897 517 985 3)
538 903 576 963 ut
597 901 625 963 ei
646 899 771 983 inipso
794 895 864 985 περὶ
886 898 995 986 ἀρετῆς
1012 903 1119 984 capite
1133 901 1234 966 semel
1249 907 1376 966 tantum

155 1017 373 1100 respiceretur
395 1016 469 1102 (ecl.
492 1021 541 1092 60,
567 1015 625 1081 ubi
646 1015 719 1101 πρὸς
744 1016 910 1102 Σώπατρον
932 1024 1021 1084 reete
1044 1019 1252 1105 Meinckius),
1273 1039 1377 1101 paene
1459 993 1471 1050 ί

152 1135 269 1200 mirum
298 1141 394 1200 esset.
444 1127 511 1206 ‹lo›T
541 1135 727 1219 corruptela
754 1137 852 1219 poulo
879 1137 1011 1220 gravior
1032 1137 1066 1202 in
1088 1157 1185 1220 quem
1209 1135 1376 1222 Σόπατρον
1498 1133 1501 1138 ’

153 1253 235 1319 abiit
261 1275 302 1318 ne
333 1255 384 1319 cui
411 1255 597 1337 scrupulum
623 1259 760 1333 moreat,
790 1255 976 1320 conferatur
997 1255 1111 1336 ecloga
1136 1259 1205 1334 103,
1228 1261 1268 1320 23
1292 1275 1376 1338 quae

151 1367 337 1456 Ἰαμβλίχου
362 1370 521 1458 Σωπότριρ
549 1371 620 1458 περὶ
648 1371 757 1457 ἀρετῆς
788 1373 946 1457 inscripto
966 1374 1089 1439 fontem
1110 1373 1254 1438 ineditae
1277 1373 1376 1438 etiem

153 1491 312 1556 consimili
334 1493 480 1557 oratione
503 1492 618 1575 aperie

238 1609 440 1692 Excerplum
461 1609 674 1675 Bruxellense
696 1610 757 1674 lioc
780 1616 844 1676 est:

239 1726 424 1812 Ἰαμβλίχου
454 1727 490 1790 ἐκ
521 1733 573 1812 τῆς
602 1727 676 1815 πρδς
700 1727 866 1814 Σώπατρον
894 1731 1055 1813 ἐπιστολῆς
1083 1680 1153 1814 περὶ
1185 1726 1310 1812 ἀρετῆςε
1339 1761 1375 1786 κ

155 1847 262 1910 οὐκοῦν
296 1841 347 1909 καί
382 1841 432 1909 διὰ
461 1850 510 1909 νοὺ
538 1847 677 1932 καθαροῦ
704 1844 755 1910 καί
783 1845 995 1931 ἀπολυομένου
1024 1847 1124 1933 πάσης
1153 1846 1375 1930 σωματοειδοῦς

155 1965 391 2050 διαμορφώσεως
414 1965 434 2048 η
457 1965 517 2028 θέα
538 1971 591 2049 τῆς
616 1969 725 2051 ἀρετῆς
748 1962 965 2052 περιγίγνεται·
983 1975 994 2046 l
1010 1965 1043 2030 τδ
1067 1969 1097 2031 δ’
1118 1966 1224 2030 όποῖον
1245 1960 1275 2026 τί
1297 1964 1377 2027 ἐστιν

155 2086 217 2148 ὧδε
241 2079 278 2146 ἄν
299 2106 342 2155 τις
366 2084 559 2167 καταμάθοι·
584 2085 699 2155 κάλλος
723 2081 775 2148 καί
798 2085 969 2169 συμμετρία
992 2083 1043 2149 καὶ
1060 2082 1205 2170 ἀλήθεια,
1226 2081 1376 2166 ταυτότης
1443 2138 1460 2163 ‚s
1487 2150 1491 2165 ¹

154 2225 188 2264 τε
212 2197 419 2285 ἀμετάστατος
442 2197 493 2266 καί
517 2201 664 2288 ἁπλότης,
687 2204 860 2288 ἐξῃρημένη
884 2225 917 2266 τε
930 2174 1091 2302 1’ίρίιτὺητῶν
1108 2201 1214 2270 ἄλλων
1228 2202 1375 2287 ὑπεροχή,
1398 2191 1456 2270 5ἴὺ
1482 2202 1484 2210 ’

154 2308 313 2404 τελειότης
341 2343 375 2383 τε
403 2319 633 2406 ἀνυπέρβλητος
664 2318 715 2384 καὶ
747 2318 878 2414 ἀκρότης
908 2327 968 2385 τῶν
997 2320 1106 2406 ὄντων,
1134 2321 1312 2408 καθαρότης
1340 2344 1375 2384 τε

155 2440 360 2524 ὑπεραίρουσα
382 2438 482 2504 πάντα
504 2437 555 2504 καί
578 2425 721 2533 ἄμικτος)
749 2400 835 2532 εἶδέ
858 2439 978 2505 ἅπαντα
1000 2439 1039 2504 τὰ
1061 2445 1185 2504 τοιαῦτα
1207 2441 1239 2504 ἓν
1262 2440 1376 2524 δεῖγμα
1438 2465 1444 2473 ·

155 2557 248 2621 αὑτοῦ
275 2559 445 2643 παρέχεται
474 2557 585 2641 ἱκανόν,
612 2561 704 2623 όπότε
734 2559 772 2643 δὴ
798 2557 849 2623 οὑν
872 2558 906 2623 τό
930 2557 1037 2643 νοητόν
1060 2557 1142 2632 εἶδος
1166 2559 1299 2630 κατίδοις
1322 2562 1375 2641 τῆς
1503 2603 1506 2610 .

70 2713 85 2753 »,.
123 2701 128 2708 “
156 2675 276 2760 ἀρετῆς,
303 2675 417 2763 θεώρει
438 2682 526 2742 τοῦτο
550 2676 657 2743 λοιπόν
679 2673 737 2766 ἀρ’
756 2679 865 2741 ἑαυτοῦ
887 2675 956 2763 περὶ
980 2679 1080 2744 πᾶσαν
1103 2678 1183 2762 ζωὴν
1206 2677 1375 2762 ἀμερίστως

156 2795 352 2880 μεριζόμενον
374 2796 485 2881 τρόπον
507 2793 573 2861 τινὰ
588 2801 731 2878 τοιοῦτον,
754 2799 795 2868 ὡς
808 2795 1035 2881 πληθυομένων
1049 2801 1110 2860 τῶν
1127 2795 1375 2881 μεταλαμβανόν-
1392 2818 1424 2863 10
1548 2878 1551 2887 Ι

154 2936 215 2978 των
238 2915 337 2997 μένειν
360 2913 433 2978 αὑτό
455 2913 496 2994 ἕν,
519 2913 571 2979 καὶ
594 2913 685 2980 παντὶ
708 2907 1004 3001 μεριζομένωνίπερὶ
1028 2914 1101 2978 αὐτό
1123 2914 1285 3000 ἀμέριστον
1302 2913 1396 2978 αὐτὸ·

156 3032 313 3119 ὑπάρχειν,
341 3031 394 3098 καὶ
420 3033 682 3120 γιγνομένωνκαὶ
712 3013 935 3117 ἀπολλυμένων
962 3029 1087 3098 ἐκείνων
1115 3031 1280 3118 ἀγέννητον
1301 3032 1375 3097 αὑτό
1433 3029 1436 3035 ’
1503 3019 1505 3026 ¹

156 3149 234 3216 εἶναι
261 3147 312 3216 καὶ
340 3149 507 3238 ἄφθαρτον,
533 3151 585 3218 καὶ
615 3152 658 3226 εἰς
681 3152 887 3238 ἀνομοιότητα
908 3152 1150 3238 προχωρούντων
1172 3150 1206 3216 τὺ
1230 3149 1303 3214 αὑτό
1326 3147 1377 3214 ἀεὶ

70 3262 73 3266 ’
157 3271 308 3355 διαμένειν
326 3272 423 3356 ,μήτε
459 3272 633 3355 κινούμενον
663 3270 723 3335 ἀπό
753 3276 806 3355 τῆς
836 3272 969 3355 προόδου
999 3276 1059 3336 τῶν
1086 3267 1281 3356 γιγνομένων,
1299 3271 1377 3356 μητε

157 3391 346 3475 διιστάμενον
373 3390 424 3475 ἀφ’
454 3391 563 3454 ἑαυτοῦ
591 3387 641 3455 διὰ
668 3389 723 3475 την
749 3390 781 3454 έν
809 3393 882 3455 πᾶσι
917 3389 990 3462 τοῖς·
1010 3391 1183 3475 διεστηκόσι
1208 3384 1382 3479 παρουσίαν
1395 3409 1426 3455 15

158 3511 234 3593 μήτε
258 3509 360 3581 αὐτοῖς
382 3510 612 3605 συμφερόμενον
633 3511 653 3593 ἢ
677 3509 935 3592 συναυξανόμενον
957 3507 976 3593 ἦ
999 3531 1065 3573 τινα
1087 3482 1256 3594 ἄλληνιάπ
1276 3509 1376 3573 αὑτῶν

157 3631 325 3713 δεχόμενον
354 3601 527 3693 ἀλλοίωσιν.
566 3624 665 3691 καίτοι
692 3627 787 3700 οὑτως
816 3627 889 3692 αὑτό
918 3630 1043 3716 κατόψει
1074 3627 1108 3692 τό
1140 3626 1213 3696 αὑτό
1242 3627 1315 3692 όλον
1344 3629 1377 3692 έν
1509 3680 1511 3690 ,

156 3750 229 3812 πᾶσι
250 3747 347 3834 παρόν
369 3746 447 3830 μετὰ
469 3751 521 3810 τοὺ
545 3746 644 3830 μένειν
672 3744 800 3811 ἑκάστου
824 3747 878 3832 την
901 3743 1004 3812 οὐσίαν
1025 3753 1086 3811 τῶν
1109 3745 1302 3831 μετεχόντων
1324 3741 1376 3810 καί

156 3867 235 3931 κατὰ
264 3866 319 3952 τὴν
347 3865 464 3930 οἰκείαν
494 3865 658 3930 ὑπόστασιν
686 3865 815 3929 ἕκαστον
843 3865 999 3951 βέλτιστον
1028 3863 1195 3951 γίγνεσθαι.
1230 3864 1309 3929 κατὰ
1337 3865 1375 3948 δὴ

156 3990 261 4051 τοῦτον
283 3985 333 4050 τόν
356 3984 448 4069 λόγον
470 3980 522 4048 καὶ
544 3982 611 4057 τοὺς
634 3985 816 4070 ἀνθρώπους
839 3986 1001 4069 διακοσμεῖ
1015 3984 1079 4056 τοῖς
1096 3984 1272 4056 καλλίστοις
1288 3985 1378 4070 όροις,
1395 4003 1427 4050 20

158 4105 277 4192 νοεραῖς
301 4106 356 4189 μὲν
379 4099 545 4191 ἐνεργείαις
568 4102 758 4190 ἀκροτάτοις,
782 4104 885 4189 λόγοις
908 4103 942 4168 δὲ
964 4109 1017 4187 τῆς
1040 4106 1140 4188 ψυχῆς
1163 4103 1377 4187 τελειοτάτοις,

158 4229 236 4310 ζωῆς
261 4225 295 4289 δὲ
313 4197 479 4308 δυνάμεσιν
500 4223 720 4309 ὑπερεχούσαις
743 4226 842 4289 πᾶσαν
864 4222 996 4307 γένεσινι
1022 4258 1057 4284 2

207 4345 288 4386 Hence.
657 4390 666 4433 l
676 4389 695 4434 y
1158 4332 1173 4377 3
