3254 5022
261 339 300 397 28

263 513 350 578 Hinc
382 535 481 594 usqae
513 514 556 578 od
585 514 641 594 sin.
670 535 730 578 om.
758 513 801 578 A’
825 513 911 578 refer
942 513 1050 595 potius
1084 512 1126 576 ad
1148 512 1249 576 verba
1282 533 1366 594 quae
1399 513 1483 578 inse-

261 638 402 714 quuntur
430 631 550 714 λέγεται
577 631 611 694 δὲ
639 628 693 693 καὶ
711 629 837 694 Ἄνυτον
864 655 893 715 p.
919 637 1015 714 17823‚
1043 652 1107 694 non
1135 649 1198 713 quo
1225 652 1310 695 nuno
1333 637 1481 713 spectare

261 749 316 812 ille
360 749 527 814 adnotavit
574 750 835 814 homoeoteleuto
868 751 1018 813 nimirum
1062 747 1227 830 deceptus.
1256 787 1298 798 —
1327 747 1481 814 Ceterum

262 867 440 931 cavendum
473 873 524 932 est
561 891 602 933 ne
636 867 741 932 obiter
780 887 930 932 numeros
976 867 1153 950 respiciens
1187 867 1282 930 citius
1317 869 1481 950 vulgarem

260 985 407 1050 ordinem
445 987 478 1050 in
517 985 616 1050 Brux.
657 986 909 1068 deprehendisse
952 985 1013 1049 tibi
1045 986 1194 1050 videaris.
1229 986 1329 1052 Velut
1366 988 1479 1070 capitis

262 1105 435 1168 ctuodecirni
459 1103 591 1185 eclogae
615 1103 661 1168 sic
684 1125 718 1168 se
748 1105 912 1186 excipiunt
936 1111 962 1168 1.
986 1111 1016 1168 4.
1040 1110 1067 1167 5.
1095 1111 1140 1169 14.
1178 1110 1226 1169 18.
1261 1109 1311 1183 20,
1345 1111 1382 1168 ut
1414 1107 1478 1169 rul-

261 1228 357 1304 gatae
381 1222 460 1286 ordo
484 1222 629 1286 exbiberi
651 1221 800 1286 rideatur
821 1225 982 1287 nonnullis
1011 1225 1145 1287 omissis.
1190 1223 1300 1287 Aliter
1322 1224 1479 1288 iudicabis

261 1342 287 1403 si
311 1341 456 1403 codicem
479 1341 511 1405 A
534 1341 721 1424 inspexeris.
764 1339 811 1404 Ut
834 1340 876 1404 ab
905 1341 1056 1404 extremis
1079 1341 1237 1418 exordiar,
1272 1342 1370 1405 etiam
1393 1343 1426 1406 in
1449 1343 1480 1406 A

259 1461 317 1523 ecl.
355 1464 393 1524 18
429 1466 462 1523 et
490 1466 530 1525 20
557 1481 591 1523 se
627 1460 791 1541 excipiunt
824 1460 949 1523 scilicet
975 1461 1090 1540 ecloga
1118 1465 1155 1522 19
1190 1466 1265 1524 ante
1297 1466 1333 1525 18
1365 1463 1479 1544 posita,

258 1577 373 1641 eodem
396 1578 508 1643 ordine
531 1600 594 1660 quo
610 1579 643 1640 in
659 1577 696 1640 M
713 1577 812 1659 (quod
827 1578 905 1640 mihi
921 1577 996 1640 olim
1013 1579 1156 1641 enotavit
1171 1578 1213 1643 A.
1231 1579 1404 1664 Torstrik).
1440 1581 1485 1644 In.

247 1697 348 1760 initio
370 1717 446 1760 vero
470 1718 552 1778 quae
576 1697 693 1760 desunt
715 1695 847 1777 eclogae
884 1701 903 1758 2
942 1702 975 1758 ot
1009 1701 1038 1772 3,
1073 1697 1152 1760 item
1181 1697 1298 1762 desunt
1319 1699 1352 1762 in
1375 1697 1408 1762 A
1429 1698 1474 1774 M,

257 1820 294 1877 ut
322 1814 437 1879 eadem
467 1813 636 1896 dispositio
665 1815 765 1877 etiam
787 1815 820 1876 iu
843 1811 877 1876 A
900 1813 1017 1877 evadat
1042 1820 1067 1880 l.
1091 1820 1120 1878 4.
1145 1819 1173 1892 5,
1201 1815 1327 1880 diversa
1350 1817 1391 1880 ab
1416 1816 1476 1896 ST,

181 1975 186 1992 ,
212 1933 213 1936 ’
257 1953 393 2015 quorum
430 1933 508 1997 ordo
545 1932 597 1996 hic
627 1939 691 1996 est:
730 1939 756 1996 l.
788 1937 815 1994 2.
848 1937 876 1998 3.
907 1938 935 1996 4.
967 1939 994 1996 5.
1051 1929 1147 2012 Quod
1175 1940 1286 1998 autem
1314 1935 1347 1998 in
1378 1934 1476 1999 Brux.

256 2050 436 2114 cavendum
469 2051 544 2129 dixi,
577 2051 664 2114 idem
693 2052 732 2115 de
764 2051 896 2132 reliquis
928 2051 1050 2114 dictum
1077 2052 1159 2116 volo.
1204 2051 1383 2134 Vulgarem
1412 2053 1475 2116 fere

256 2168 402 2234 ordinem
434 2168 567 2232 exhibet
592 2166 626 2231 A
660 2170 693 2232 in
727 2170 834 2251 capite
868 2171 983 2234 decimo
1017 2171 1118 2235 tertio.
1164 2169 1231 2234 Sed
1264 2171 1317 2236 hic
1351 2192 1475 2255 quoque

256 2288 352 2351 altius
385 2287 517 2351 rimanti
560 2287 678 2350 veteris
725 2287 943 2368 dispositionis
976 2288 1114 2369 vestigia
1148 2297 1344 2370 comparent.
1391 2290 1475 2355 Nam

255 2407 342 2488 quod
365 2407 496 2488 eclogae
531 2410 570 2469 38
605 2411 638 2468 et
670 2410 710 2468 43
744 2407 778 2468 iu
817 2404 850 2469 A
894 2411 926 2468 et
966 2406 1003 2469 M
1038 2408 1176 2470 omissae
1207 2414 1290 2484 sunt,
1321 2409 1355 2471 id
1391 2415 1474 2472 certe

256 2526 383 2591 facilem
413 2525 610 2607 explicatum
631 2522 740 2601 habet,
769 2525 796 2586 si
818 2523 914 2586 modo
936 2523 998 2588 hoc
1022 2525 1206 2607 eclogarum
1230 2545 1290 2610 par
1313 2526 1423 2590 sedem
1443 2527 1475 2590 in

252 2645 427 2710 vetustiore
477 2643 588 2706 ordine
639 2643 715 2705 olim
763 2647 940 2706 extremam
989 2644 1141 2708 habuisse
1185 2646 1400 2709 Laurentiani
1443 2650 1474 2710 et

254 2763 476 2828 Bruxellensis
506 2782 665 2826 consensu
697 2782 782 2825 nunc
815 2760 984 2842 probabile
1019 2767 1076 2826 est.
1121 2763 1204 2827 Cum
1238 2763 1333 2826 editis
1367 2770 1473 2828 autern

212 2892 217 2966 ξ
252 2883 332 2947 facit
357 2881 626 2952 Vindobonensis.
671 2879 769 2943 Mitto
798 2880 863 2944 alia
894 2881 1051 2944 eiusmodi
1081 2881 1366 2963 congruentiarum
1393 2903 1474 2964 quae

253 3003 460 3084 inpromptu
482 3002 558 3062 sunt
580 2998 727 3079 exempla
750 2999 895 3080 quamvis
923 2997 966 3060 ad
994 2997 1028 3060 id
1056 2999 1142 3080 quod
1170 2999 1235 3062 dixi
1265 2998 1474 3081 comproban-

211 3169 213 3177 ,
256 3119 331 3183 dum
358 3140 422 3183 non
444 3118 549 3182 minus
576 3117 702 3180 idonea.
747 3112 814 3178 Sed
837 3115 970 3179 claudat
1002 3137 1118 3198 agmen
1145 3117 1305 3199 quaedam
1335 3118 1375 3182 de
1398 3120 1475 3182 lem-

254 3239 350 3302 matis
374 3234 564 3300 obserratio.
610 3225 1128 3315 Lemmata'dua‘ntum'interdum
1159 3235 1288 3298 valeant
1308 3239 1408 3301 etiam
1435 3237 1476 3301 ad

237 3342 571 3436 “ioruui‘oologarum
595 3352 740 3416 ordinem
762 3353 1020 3435 recuperandum
1053 3353 1119 3415 iarn
1152 3353 1193 3416 ab
1225 3355 1296 3418 aliis
1329 3356 1474 3420 intellec·

252 3482 320 3539 tum
344 3479 394 3537 est
415 3472 468 3558 (of.
491 3471 759 3537 Waohsmuthius
783 3468 897 3536 ‘Studt
919 3493 949 3553 p.
978 3476 1057 3550 108),
1107 3470 1216 3536 Unum
1238 3495 1322 3537 nuno
1344 3474 1474 3554 profero

254 3592 444 3674 exemplum,
474 3612 537 3672 quo
566 3591 664 3654 etiam
691 3589 816 3653 lacunis
848 3590 969 3654 codicis
991 3589 1092 3654 Brux.
1121 3590 1243 3674 aliquid
1264 3591 1394 3656 luminis
1418 3593 1473 3658 ad·

252 3718 432 3793 spargatur.
478 3707 587 3790 Oaput
608 3709 810 3772 andecimum
834 3708 921 3772 hisce
945 3707 1148 3772 concluditur
1170 3709 1203 3770 in
1225 3709 1334 3772 Brun:

339 3835 385 3905 11,
415 3833 454 3892 25
478 3826 656 3910 πυθαγόρας
681 3821 850 3909 ἐρωτηθεὶς
873 3825 902 3887 τί
926 3831 1059 3888 ποιοῦσιν
1083 3822 1240 3910 ἅνθρωποι
1263 3825 1349 3896 θεοῖς
1368 3827 1474 3909 ὅμοιον

381 3943 442 4030 ἔφη
468 3946 540 4007 “ἐὰν
564 3942 790 4027 ἀληθεύωσινιι.

338 4072 386 4142 11,
411 4068 451 4128 14
470 4061 652 4146 Ἡροδότου.

376 4179 535 4265 Ἀλήθεια
559 4183 621 4265 μέν,
645 4183 747 4265 ὥσπερ
770 4179 824 4245 καὶ
844 4179 978 4264 τοῦνομα
1000 4179 1093 4265 δηλοῖ
1114 4179 1232 4244 -’καὶ
1255 4181 1398 4266 ἐξαπατᾷ.

248 4300 296 4365 Ut
322 4302 404 4366 miro
434 4321 543 4366 errore
571 4300 734 4365 Herodoti
760 4321 878 4364 nomen
904 4321 989 4365 nune
1011 4300 1186 4364 Iamblichi
1215 4301 1348 4383 eclogae
1382 4307 1473 4381 11,14
