3254 5022
1397 346 1433 404 11

295 519 500 603 Quamquam
521 521 583 584 nisi
606 520 677 602 quis
701 518 866 584 erroribus
888 518 1051 602 implicari
1073 519 1161 584 volet
1182 520 1304 603 ubique
1326 539 1435 586 recor-

209 639 351 703 dandum
374 639 437 702 erit
457 659 522 702 non
546 659 619 703 cum
641 645 750 703 vetere
773 637 886 702 codice
908 637 1002 702 nobis
1020 658 1091 701 rem
1106 658 1176 702 esse
1193 639 1250 730 sed
1268 660 1340 703 cum
1356 660 1435 721 apo-

208 757 331 840 grapho
355 757 434 821 satis
452 757 576 820 recenti
599 755 749 840 quodque
771 756 804 819 in
820 757 953 838 singulis
969 755 1054 820 male
1076 756 1119 819 sit
1133 755 1288 820 habitum.
1327 753 1435 838 Quam

206 895 340 959 pravam
359 874 435 939 libri
451 873 673 939 condicionem
689 873 797 938 facere
815 895 881 938 non
895 894 1028 956 possum
1044 875 1121 957 quin
1136 874 1249 957 paucis
1265 874 1433 938 illustrem.
1522 858 1556 886 ‘⁹'

163 966 282 1058 w”N'on
303 998 417 1077 repeto
440 993 526 1075 quod
547 993 613 1056 iam
635 1013 733 1075 supra
754 998 968 1056 memoratum
986 998 1037 1055 est
1059 993 1174 1075 capitis
1195 991 1434 1074 quadragesimi

206 1111 315 1195 quarti
336 1111 579 1193 inscriptionem
607 1111 703 1175 hodie
730 1105 853 1175 frustra
875 1112 997 1193 quaeri.
1043 1109 1109 1175 Sed
1136 1131 1177 1174 ne
1201 1111 1280 1175 ordo
1304 1109 1434 1192 quidem

206 1231 349 1313 capitum
369 1230 489 1313 ubique
513 1234 658 1295 serratus
682 1234 741 1292 est.
787 1227 922 1293 Sextum
945 1230 1030 1293 enirn
1052 1200 1160 1312 capr-rt¹
1174 1211 1243 1313 uepl
1263 1215 1433 1296 ἆκολαοίας

204 1335 290 1412 hunc
319 1325 408 1411 inter
440 1347 618 1411 secundum
648 1343 693 1411 et*
712 1333 845 1414 tertium
881 1348 991 1412 sedem
1025 1345 1135 1426 habet,
1170 1367 1252 1430 quae
1281 1365 1434 1426 perversa
1530 1341 1533 1349 ’

205 1453 371 1549 dispositio
411 1466 509 1529 etiam
543 1464 685 1548 generali
719 1466 924 1548 inscriptioni
962 1470 1075 1548 aperte
1107 1486 1290 1548 repugnans
1323 1470 1432 1528 utrum

205 1587 255 1649 ex'
273 1584 480 1648 librariorum
512 1583 716 1666 neglegentia
753 1603 794 1647 an
826 1583 901 1647 inde
937 1583 1115 1667 repetenda
1142 1584 1185 1648 sit
1213 1585 1300 1668 quod
1328 1590 1432 1648 vetus-

203 1703 295 1766 tioris
319 1702 453 1766 alicuius
477 1702 597 1766 codicis
620 1701 732 1766 folium
756 1701 895 1766 solutum
918 1702 1092 1786 aliquando
1115 1704 1148 1765 in
1171 1703 1311 1768 alienum
1325 1703 1433 1786 locum

203 1822 435 1903 transpositum
470 1823 521 1899 sit,
555 1822 608 1884 vix
639 1821 799 1886 incertum
832 1820 968 1885 videtur.
1017 1809 1149 1886 Etenim
1175 1821 1301 1886 librarii
1334 1821 1430 1903 paulo

204 1939 332 2002 facilius
369 1939 402 2002 in
440 1958 582 2002 errorem
620 1938 729 2003 delabi
765 1943 926 2022 poterant,
970 1941 1046 2022 quia
1072 1941 1209 2024 singula
1251 1940 1360 2023 capita
1395 1945 1431 2003 ut

203 2057 305 2121 titulis
335 2057 490 2138 insignita
513 2064 606 2122 erant
627 2057 674 2120 ita
696 2057 838 2120 numeris
862 2057 1026 2121 carebant.
1071 2055 1177 2124 Simili
1199 2059 1298 2140 igitur
1321 2078 1429 2122 errore

204 2180 303 2258 caput
323 2176 511 2239 vicesimum
533 2175 706 2258 septimum
727 2195 812 2240 nunc
842 2180 918 2239 ante
944 2175 1131 2240 vicesimum
1153 2182 1279 2241 sextum
1301 2178 1428 2258 legitur.

201 2282 305 2359 Unius
339 2299 447 2358 autem
480 2294 549 2358 folii
579 2292 702 2358 formae
736 2291 916 2378 quadratae
949 2296 1090 2377 spatium
1120 2296 1281 2379 excerptis
1311 2295 1427 2377 eapitis

201 2414 284 2477 sexti
315 2414 349 2477 in
380 2417 491 2477 nostro
519 2411 650 2495 quidem
680 2410 713 2495 (f.
744 2416 796 2494 21)
826 2413 987 2495 utrimque
1017 2413 1218 2497 aliquantulo
1246 2420 1427 2498 superatur.

199 2531 306 2596 Multo
323 2533 422 2596 etiam
432 2531 536 2596 maior
551 2531 758 2613 neglegentia
773 2531 964 2595 observatur
978 2532 1011 2595 in
1026 2531 1198 2597 lemmatis.
1229 2531 1315 2597 Nolo
1331 2538 1425 2597 notos

199 2649 405 2715 librariorum
422 2669 548 2713 errores
563 2648 616 2713 hio
632 2669 817 2731 congerere,
838 2669 975 2731 quorum
990 2650 1160 2714 scientiam
1175 2649 1263 2714 haud
1276 2650 1424 2714 inutilem

200 2768 383 2851 suppeditet
413 2767 558 2832 Thomae
594 2767 724 2832 collatio
759 2767 844 2850 typis
874 2766 1046 2850 impressa,
1077 2768 1165 2831 velut
1193 2768 1279 2851 quod
1306 2769 1425 2851 legitur
1508 2775 1512 2783 '

203 2891 249 2966 18,
274 2891 311 2950 31
337 2886 499 2968 δημοσθε“
529 2906 587 2968 pro
605 2881 809 2968 Δημοκρίτου,
834 2889 883 2963 23,
907 2892 925 2950 7
950 2876 1084 2969 (Ξιριο1οτ’λ
1111 2906 1170 2969 pro
1191 2882 1422 2968 Ἀριστωνύμου
1455 2871 1481 2950 .’

199 3005 326 3089 aliaque
349 3004 383 3067 id
406 3024 507 3086 genus
530 3004 692 3085 permulta
716 3025 755 3067 ex
778 3003 977 3085 compendiis
1002 3010 1083 3069 orta.
1121 3004 1231 3070 Unum
1246 3005 1422 3069 alterumve
1540 3051 1543 3059 ,

199 3123 380 3206 exemplum
402 3124 505 3207 magis
527 3120 738 3190 memorabile
755 3120 877 3187 adfero.
908 3121 947 3186 F.
964 3127 1020 3187 35v
1036 3143 1082 3206 sq.
1100 3124 1295 3188 exscribitur
1308 3124 1422 3188 Xeno-

197 3241 327 3324 phontis
365 3242 477 3324 ecloga
512 3247 566 3319 17,
595 3245 635 3304 45
662 3261 690 3303 1.
718 3239 792 3322 Ip.
816 3244 1037 3325 2905-29113
1060 3242 1107 3306 M.
1152 3240 1219 3307 Sed
1259 3242 1421 3308 lemmatis

196 3359 268 3423 loco
292 3359 388 3448 datur
411 3357 594 3442 οωκράτοος.
633 3356 827 3422 Observarit
848 3357 999 3423 nimirum
1015 3365 1187 3443 excerptor
1201 3361 1234 3424 in
1250 3353 1420 3426 Commen-

180 3463 354 3543 tariorum
369 3479 448 3542 loco
472 3477 513 3542 de
537 3498 600 3560 quo
624 3477 732 3560 agitur
745 3475 845 3541 verba
861 3476 960 3540 ἐκεῖνο
979 3481 1012 3555 δ’,
1037 3475 1108 3562 ἔφη,
1130 3480 1155 3541 ὦ
1172 3475 1342 3563 Εὐθύδημε
1357 3481 1420 3556 κτὲ,

196 3619 216 3660 a
239 3596 355 3679 quibus
377 3597 503 3660 initium
527 3597 621 3679 cepit,
646 3593 776 3661 Socrati
798 3594 876 3658 data
899 3614 979 3674 esse,
1008 3596 1071 3660 nisi
1095 3597 1194 3660 etiam
1216 3597 1420 3662 festinantius

195 3735 262 3778 rem
284 3734 383 3796 agens
403 3735 441 3778 eo
458 3715 614 3796 deceptus
629 3718 689 3794 eat,
713 3713 800 3797 quod
814 3719 890 3779 ante
906 3714 988 3778 haec
1002 3713 1102 3778 verba
1115 3714 1148 3778 in
1165 3716 1277 3780 codice
1292 3722 1420 3780 exstare

193 3830 275 3894 vidit
297 3829 423 3903 εἰκότως
445 3831 512 3916 γάρ,
536 3829 607 3916 ἔφη,
629 3833 654 3894 ὦ
679 3831 883 3916 Σώκρατες.
920 3833 1119 3897 Accuratius
1141 3853 1211 3897 rem
1232 3835 1299 3917 egit
1315 3836 1336 3899 f.
1354 3840 1418 3915 ὅδ’,

193 3948 250 4013 ubi
273 3971 345 4014 cum
360 3951 501 4033 priorem
517 3950 650 4032 eclogae
670 3950 865 4032 particulam
880 3951 1018 4016 adderet
1032 3957 1130 4016 antea
1144 3955 1419 4035 praetermissam,

193 4066 268 4130 huic
290 4068 471 4151 particulae
494 4068 594 4132 etiarn
616 4090 726 4133 verum
747 4069 866 4134 lemma
893 4070 928 4132 ἐκ
953 4070 983 4132 Δ’
1016 4068 1163 4155 ἀπομνηῇ
1187 4071 1258 4156 (sic)
1286 4072 1416 4137 adiecit.

194 4183 241 4248 Ut
254 4184 288 4249 in
303 4185 415 4251 eodem
432 4187 585 4249 lemmate
600 4186 836 4271 aliquantulum
852 4188 1035 4270 persistam,
1049 4187 1134 4252 idern
1150 4189 1230 4253 illud
1243 4189 1417 4274 οωκράτους

194 4302 371 4384 praefixum
393 4309 444 4368 est
465 4303 523 4368 eol.
547 4309 576 4385 7,
600 4309 648 4368 76.
685 4305 747 4370 Est
768 4305 859 4371 locus
874 4305 1023 4372 Platonis
1043 4325 1082 4371 ex
1098 4304 1243 4372 Socratis
1267 4309 1417 4390 apologia
