3254 5022
240 341 278 399 14

237 513 426 581 Stobaeana
465 538 538 581 cum
571 517 643 582 aliis
676 517 892 582 Laurentieni
919 489 1068 581 'fontibus
1102 516 1354 597 confundantur,
1390 519 1461 600 ipsa

237 634 374 716 impedit
396 635 475 699 satis
498 635 594 699 anxia
617 633 875 700 aLaurentiano
898 634 1045 698 adhibita
1060 635 1144 698 ratio
1162 635 1374 714 exscribendi,
1397 657 1461 719 qua

235 751 465 835 parallelorum
487 753 561 817 libri
576 753 772 836 Aelianique
794 754 949 818 historiae
973 751 1158 817 animalium
1182 760 1334 836 excerpta
1350 775 1370 818 0
1386 752 1459 818 810-

234 870 369 934 baeanis
391 872 561 953 perspicue
579 878 750 954 segregata
765 873 838 936 sint.
876 872 1024 935 Primum
1039 877 1147 935 autem
1163 869 1298 936 Stobaei
1313 873 1460 955 exempla

234 1009 299 1052 000
321 993 434 1053 tenore
456 988 511 1052 ille
533 991 713 1072 exscripsit.
750 989 851 1054 Initia
873 1009 948 1052 vero
970 988 1229 1054 Stobaeanorum
1252 997 1371 1072 aperte
1385 1011 1458 1074 pro-

234 1106 353 1171 duntur
375 1106 612 1171 000001οο000
636 1128 805 1190 sempera
827 1112 998 1191 poetarum
1013 1107 1094 1173 locis
1111 1108 1314 1172 exordientis.
1352 1106 1458 1190 Quam

231 1226 376 1308 regulam
399 1225 481 1290 adeo
505 1247 569 1290 non
591 1226 714 1290 laesam
737 1247 808 1290 esse
831 1226 926 1290 evicit
943 1224 1211 1290 Waehsmuthius
1226 1225 1247 1291 l.
1263 1247 1288 1289 s.
1304 1247 1333 1308 p.
1349 1231 1398 1303 84,
1421 1231 1458 1290 ut

232 1363 455 1426 quaecumque
478 1351 591 1408 contra
606 1366 679 1409 eam
694 1365 838 1426 pugnare
854 1343 1003 1408 videntur
1019 1365 1036 1406 e
1052 1343 1216 1425 parallelis
1231 1346 1337 1426 potius
1354 1344 1456 1426 petita
1508 1407 1511 1410 .

232 1481 302 1525 esse
327 1461 542 1527 demonstrari
562 1464 666 1545 possit
680 1463 800 1527 auxilio
815 1460 962 1539 Antonii,
986 1461 1131 1538 Maximi,
1155 1461 1311 1526 Melissae
1326 1460 1456 1544 Augus-

230 1583 327 1642 tanae
339 1580 540 1664 aliorumque
551 1582 606 1662 qui
616 1580 658 1644 ad
668 1581 786 1644 librum
795 1579 1029 1662 parallelorum
1039 1580 1147 1644 valent
1158 1579 1455 1662 redintegrandum.

229 1697 300 1764 Nec
322 1719 386 1763 non
402 1699 597 1764 adminiculo
621 1705 697 1764 sunt
718 1701 945 1783 inscriptiones
967 1697 1127 1781 quaedam
1144 1699 1196 1762 hic
1211 1698 1278 1762 illic
1293 1698 1327 1761 in
1343 1698 1453 1762 codice

228 1815 362 1906 additae
385 1816 461 1880 licet
483 1839 503 1881 a
519 1815 628 1883 Sartio
649 1800 713 1882 000
727 1789 847 1900 ubique
863 1816 1050 1897 adnotatae,
1073 1816 1160 1879 velut
1174 1813 1244 1900 περὶ
1260 1814 1454 1901 σωφροσύνης

228 1933 308 1997 illud
340 1935 427 2016 quod
454 1937 591 2000 iteratur
617 1943 693 2001 ante
719 1959 750 2020 p.
781 1943 868 2019 17725
899 1934 920 1998 i.
950 1955 975 1998 0.
1004 1935 1038 1998 10
1067 1934 1204 2004 confinio
1233 1955 1344 1998 eorum
1371 1955 1453 2017 quae

230 2047 299 2134 περὶ
322 2055 519 2140 σωφροσύνης
543 2077 581 2118 ex
603 2054 768 2138 parallelis
783 2055 1023 2119 Laurentianus
1047 2054 1262 2136 exscripserat
1281 2073 1462 2135 eorumque,

227 2191 310 2252 quae
334 2172 450 2236 deinde
474 2195 512 2236 ex
529 2170 620 2237 Stob.
636 2174 724 2238 Flor.
742 2196 769 2239 c.
786 2182 803 2239 5
821 2179 893 2238 erat
913 2137 1111 2263 additurus(
1133 2171 1258 2254 Quibus
1276 2171 1386 2235 aliisve
1402 2193 1452 2234 ra-

226 2289 369 2353 tionibus
393 2312 473 2373 quas
495 2291 549 2354 bic
572 2311 761 2357 enumerare
782 2293 914 2375 longum
937 2296 987 2355 est
1009 2312 1107 2374 quam
1127 2291 1217 2354 facili
1239 2291 1367 2372 negotio
1389 2311 1453 2354 non

226 2407 533 2491 solumEclogarum
545 2410 603 2474 sed
615 2410 888 2493 etiemFlorilegii
900 2412 1010 2493 capita
1022 2409 1332 2492 quaeLaurentiano
1343 2409 1453 2472 insunt

226 2526 448 2591 circumscribi
469 2529 604 2610 possint,
628 2530 727 2592 etiarn
749 2529 882 2610 singulis
898 2521 1120 2611 comprobarit
1134 2526 1401 2591 Waehsmuthius
1416 2533 1452 2590 ut

224 2650 303 2724 puta
320 2644 359 2708 de
374 2645 544 2727 Florilegii
559 2644 666 2728 capite
682 2648 804 2730 quinte,
827 2646 1007 2724 undecimo,
1028 2645 1153 2711 decimo
1168 2644 1264 2708 tertio
1279 2665 1348 2708 rem
1362 2646 1450 2711 illus·

225 2766 315 2825 trans
337 2761 358 2825 l.
382 2782 407 2824 s.
430 2784 461 2844 p.
478 2769 527 2830 84.
551 2769 602 2843 89,
628 2770 660 2845 1;
683 2764 723 2828 of.
739 2765 838 2829 etiam
853 2788 884 2850 p.
900 2758 963 2896 401
988 2765 1210 2850 Nuncomnes
1227 2765 1325 2827 etiam
1342 2768 1396 2848 qui
1408 2764 1450 2828 ad

223 2878 436 2962 Florilegium
469 2883 632 2979 pertinent
658 2882 873 2948 Laurentiani
905 2885 994 2948 locos
1028 2883 1195 2947 commode
1222 2890 1376 2967 recteque
1403 2885 1451 2948 in·

224 2996 349 3062 dicatos
372 3000 515 3080 reperies
533 3000 621 3083 apud
637 3002 786 3067 Elterum
802 3003 842 3067 de
859 3002 929 3067 cod.
945 3001 1042 3067 Phot.
1057 3023 1088 3084 p.
1105 3006 1156 3080 29,
1179 2985 1223 3065 3.'
1239 3000 1337 3084 Quod
1351 3003 1450 3084 igitur

222 3117 254 3178 in
276 3115 410 3199 Eclogis
437 3125 512 3200 post
534 3118 819 3184 Waehsmuthium
845 3142 940 3186 nemo
967 3142 1032 3185 non
1060 3140 1249 3185 concessum
1277 3127 1372 3202 putat
1393 3120 1447 3204 (cf.

221 3232 339 3298 Dilesii
354 3235 499 3320 Dexogr.
515 3260 547 3321 p.
562 3239 618 3322 44)
636 3239 832 3322 Elterusque
854 3261 958 3322 nuper
981 3239 1080 3302 etiem
1101 3215 1268 3303 auctorum
1286 3238 1446 3303 indicibus

222 3335 391 3417 Photianis
415 3356 724 3440 contraquequid
746 3357 885 3442 impedit
906 3377 969 3440 quc
990 3357 1094 3421 minus
1110 3357 1208 3420 etiam
1223 3357 1256 3418 in
1270 3355 1446 3439 Florilegio

220 3471 353 3535 tandem
375 3472 549 3554 aliquando
573 3474 780 3541 timiditatem
801 3477 1000 3559 deponamus
1016 3471 1159 3539 8101000
1175 3473 1348 3540 reddentes
1364 3496 1446 3559 quae

221 3587 357 3654 Stobaei
386 3589 482 3655 sunt?
498 3562 503 3577 Γ
518 3592 606 3658 Nam
634 3598 689 3678 qui
715 3594 843 3678 longius
872 3617 892 3659 a
913 3594 1083 3676 Florilegii
1105 3593 1270 3657 codicibus
1292 3595 1446 3660 recedere

219 3707 478 3774 Laurentianum
522 3711 748 3777 existimarunt
785 3714 962 3798 ordineque
999 3713 1048 3777 uti
1083 3712 1170 3776 haud
1206 3734 1280 3778 raro
1320 3714 1445 3779 diverso

38 3817 41 3823 ¹
96 3897 113 3916 ,Ι
220 3827 276 3912 (el.
292 3827 426 3891 Elterus
448 3828 469 3892 l.
492 3851 516 3893 0.
536 3852 567 3912 p.
583 3835 633 3910 29,
658 3837 701 3912 2),
726 3832 842 3896 einen
866 3831 979 3897 dubito
1002 3831 1099 3916 paulo
1122 3832 1217 3897 aliter
1237 3831 1444 3913 iudicassent,

219 3945 247 4007 si
269 3945 319 4008 vel
341 3945 486 4010 ordinem
511 3950 642 4032 ‘optimi’
665 3949 808 4014 Parisini
832 3951 989 4015 curiosius
1012 3950 1235 4033 inspexissent.

301 4061 404 4128 Vides
427 4066 492 4129 iam
515 4088 579 4150 quo
601 4069 634 4131 in
657 4074 745 4132 stetu
767 4089 819 4133 res
843 4070 895 4134 sit.
931 4069 983 4135 Ne
1006 4091 1046 4133 ea
1069 4069 1185 4151 quibus
1202 4069 1442 4134 Laurentianus

189 4180 191 4191 '
220 4179 398 4246 Stobaeum
414 4183 594 4249 divitiorem
609 4186 718 4250 reddit
733 4187 831 4250 etiam
847 4189 880 4251 in
892 4187 1070 4270 Florilegio
1083 4187 1241 4252 ambabus
1252 4189 1442 4271 arriperent,

218 4320 414 4384 quamquam
425 4303 458 4366 in
467 4303 650 4368 universum
662 4326 730 4369 rem
739 4327 804 4370 non
815 4306 993 4372 concedere
1008 4326 1073 4371 non
1087 4310 1248 4389 poterant,
1263 4306 1297 4369 in
1309 4307 1442 4389 singulis
