3254 5022
244 358 283 416 10

245 531 306 605 κόν,
328 534 380 592 τοῦ
398 531 431 594 δὲ
444 529 587 613 δευτέρου
603 527 637 591 τὸ
654 527 709 612 μέν
723 550 751 589 τι
763 529 829 589 κατ’
882 533 934 592 τοῦ
950 529 984 593 δέ
999 529 1143 612 δευτέρου
1159 526 1194 589 cb
1216 524 1270 610 μέν
1286 549 1313 589 τι
1330 527 1465 608 λογικόν,

245 644 343 732 ἀρχὰς
364 648 453 732 μέρος
470 651 601 729 λογικόν,
624 645 658 710 τδ
674 644 708 709 δέ
724 644 829 709 λοιπὸν
881 648 915 711 τδ
939 647 972 711 δέ
993 646 1099 711 λοιπὸν
1119 642 1171 708 καὶ
1187 645 1332 708 πλεῖστον
1345 644 1463 726 ήθικόν.

244 765 296 829 καί
319 767 464 830 πλεῖστον
476 761 594 848 4ήδικόν
607 817 613 830 .
628 814 635 830 .
648 814 676 832 ..
839 779 870 824 10
883 765 902 828 ἃ
925 765 976 830 καί
1000 763 1175 850 φιλομαθής
1198 764 1240 825 ών
1256 763 1397 845 ζητήσεις
1414 761 1465 823 καὶ

881 885 1026 968 εὑρήσεις.
1049 879 1100 945 καί
1114 905 1150 964 γε
1166 879 1285 964 πολλήν
1300 881 1334 943 ἐκ
1351 879 1466 943 τούτων

880 1005 1028 1088 καρπώση
1051 1002 1105 1083 τήν
1128 1000 1289 1083 ὠφέλειαν.
1327 997 1361 1060 τὸ
1381 1000 1413 1060 δέ
1428 1020 1463 1079 γε

287 1122 319 1183 ἐν
342 1119 379 1206 δέΙ
396 1127 440 1204 τῷ
458 1115 550 1204 τρίτῳ
577 1118 753 1206 περιέχεται
776 1143 827 1181 κε·
880 1121 975 1206 παρὸν
998 1116 1098 1205 τρίτον
1126 1119 1161 1180 δν
1185 1114 1303 1204 βιβλίον
1325 1116 1464 1199 περιέχει

244 1237 362 1324 ράλαια
385 1239 445 1324 μβ’Ι
467 1244 586 1322 πρῶτον
612 1238 681 1321 περὶ
706 1237 826 1322 ἀρετῆς.
880 1243 1035 1324 κεφάλαια
1048 1239 1107 1322 μβ’.
1130 1241 1250 1320 πρῶτον
1262 1233 1331 1319 περὶ
1345 1235 1463 1318 ἀρετῆς,

243 1357 312 1421 εἶτα
334 1354 403 1442 περὶ
419 1357 537 1427 κακίας.
566 1352 635 1440 περὶ
651 1357 868 1441 φρονήσεως15
882 1356 950 1421 εἶτα
971 1357 1040 1442 περὶ
1062 1352 1179 1436 κακίας,
1203 1355 1462 1439 περιφρονήσεως

243 1500 270 1543 e.
294 1501 324 1561 q.
347 1498 372 1541 o.
880 1476 931 1542 καὶ
954 1477 1094 1559 καθεξῆς.

243 1629 381 1696 Collatia
404 1649 479 1693 vero
503 1649 576 1692 cum
589 1628 796 1696 Bruxellensi
818 1634 863 1696 eis
887 1651 969 1714 quae
993 1650 1033 1693 ox
1047 1627 1158 1692 Photii
1178 1627 1341 1692 uberrima
1358 1625 1462 1708 operis

243 1749 459 1832 descriptione
498 1769 537 1812 ex
574 1749 710 1813 adverso
742 1752 850 1834 posui,
887 1753 1002 1832 sponte
1035 1747 1173 1830 adparet
1204 1767 1270 1811 non
1302 1745 1397 1809 modo
1430 1745 1463 1807 in

243 1865 377 1950 singulis
420 1865 551 1929 verbum
592 1888 695 1950 paene
736 1868 834 1933 verbo
873 1867 1084 1963 respondere,
1130 1865 1188 1929 sed
1224 1864 1304 1929 nihil
1343 1863 1463 1928 habere

241 1983 497 2062 Bruxellensem,
521 1984 608 2066 quod
633 2008 699 2051 non
721 2008 761 2050 ex
783 1986 903 2055 Photis
933 1986 1058 2052 desumi
1084 1985 1236 2067 potuerit.
1281 1983 1368 2047 Nam
1391 1983 1462 2045 bre·

179 2109 213 2159 -”
243 2103 388 2168 uiuscula
411 2103 474 2166 duo
498 2105 665 2168 enuntiata
693 2127 776 2188 quae
806 2106 894 2189 apud
920 2103 1075 2169 Photium
1103 2100 1381 2184 nonlegunturb
1412 2099 1464 2162 καὶ

243 2221 421 2306 φιλομαθής
457 2222 498 2283 ών
530 2222 670 2305 ζητήσεις
704 2219 755 2284 καὶ
789 2224 937 2308 εὑρήσεις.
988 2217 1040 2284 καί
1070 2246 1104 2305 χε
1137 2220 1257 2304 πολλήν
1288 2221 1322 2282 ἐκ
1351 2220 1463 2282 τούτων

243 2341 391 2425 καρπώσῃ
430 2335 484 2421 τήν
517 2339 670 2422 ὠφέλειαν
698 2362 762 2430 nec
792 2342 860 2416 ulla
887 2346 963 2405 sunt
990 2341 1156 2425 doctrinae
1189 2338 1296 2421 specie
1327 2339 1463 2420 insignia

242 2466 275 2523 et
301 2459 430 2523 omnino
457 2458 538 2521 talia
571 2480 654 2541 quae
687 2460 775 2524 nullo
807 2461 938 2546 negotio
974 2459 1076 2544 quivis
1108 2457 1148 2523 de
1180 2478 1237 2522 suo
1268 2457 1461 2520 interserere

240 2577 392 2661 potuerit.
438 2574 644 2659 Quamquam
665 2576 803 2643 fortasse
820 2578 1028 2643 memorabile
1053 2583 1111 2657 est,
1134 2576 1221 2659 quod
1235 2576 1270 2639 in
1285 2575 1331 2639 eis
1348 2575 1462 2658 quibus

240 2697 378 2761 Photius
405 2695 491 2759 infra
519 2694 620 2758 multo
648 2698 831 2762 accuratius
860 2697 900 2761 de
929 2697 1035 2778 operis
1057 2697 1200 2760 utilitate
1224 2684 1373 2777 exposuit
1394 2694 1461 2776 ipse

241 2836 367 2897 quoque
396 2812 588 2897 καρποῦσθαι
616 2814 715 2879 verbo
743 2836 818 2879 usus
843 2822 908 2880 est:
937 2815 990 2876 οὐκ
1019 2815 1050 2877 ἐν
1078 2815 1187 2897 πολλῷ
1208 2815 1310 2897 χρόνῳ
1338 2815 1462 2874 πολλῶν

241 2929 292 2994 καὶ
317 2937 420 2996 καλῶν
433 2929 484 2995 καὶ
497 2928 644 2995 ποικίλων
667 2932 826 3016 νοημάτων
843 2935 869 2995 εἰ
889 2931 942 2995 καί
957 2935 1161 3018 κεφαλαιώδη
1179 2932 1300 3016 μνήμην
1322 2931 1463 3015 καρπώ-

240 3074 374 3114 σονται.
412 3053 502 3135 Ergo
526 3072 729 3143 quocumque
752 3050 862 3114 oculos
887 3057 1056 3116 convertas
1078 3051 1322 3134 inscriptionem
1342 3049 1463 3114 codicis

240 3189 280 3232 ex
302 3169 421 3233 Photis
451 3169 630 3233 derivatam
657 3189 727 3232 esse
750 3169 865 3233 elucet
910 3170 951 3233 In
973 3171 1085 3252 paucis
1108 3177 1216 3235 autem
1240 3190 1274 3234 se
1298 3169 1462 3234 continere

237 3286 339 3351 voluit
370 3293 547 3370 excerptor,
583 3286 670 3369 quod
701 3288 829 3352 titulum
864 3288 1006 3373 syllegae
1037 3288 1261 3372 praescribere
1291 3288 1325 3351 in
1354 3289 1462 3352 animo

237 3404 360 3484 habuit,
393 3427 457 3470 non
489 3405 668 3488 longiorem
701 3393 943 3489 expositionem.
992 3406 1108 3492 Neque
1140 3407 1239 3491 igitur
1267 3407 1370 3484 video,
1404 3428 1462 3470 cur

237 3528 391 3605 excerpta
419 3524 500 3589 haec
524 3523 668 3607 quamvis
692 3524 788 3588 exilia
810 3526 852 3588 ab
876 3525 939 3590 alio
962 3528 1070 3592 nescio
1094 3549 1157 3610 quo
1180 3526 1368 3610 posterioris
1391 3525 1462 3590 aevi

237 3641 359 3706 lectore
375 3662 434 3707 nec
450 3642 557 3724 potius
573 3641 613 3705 ab
630 3642 701 3723 ipso
717 3641 860 3725 syllogae
877 3645 1043 3709 conditore
1058 3648 1238 3730 praemissa
1254 3665 1325 3710 esse
1340 3645 1460 3710 iudice-

236 3780 316 3840 mus,
345 3765 403 3825 aut
430 3760 569 3843 denique
598 3780 656 3823 cur
685 3765 866 3826 statuamus
893 3763 1056 3828 Photiana
1085 3764 1167 3828 haec
1194 3765 1227 3827 in
1256 3761 1461 3827 Bruxellensi

236 3876 312 3940 clim
340 3877 494 3943 uberiora
508 3877 687 3942 exstitisse.
733 3876 819 3944 Nam
846 3887 883 3943 ut
908 3881 979 3945 fieri
1001 3902 1079 3946 sane
1101 3882 1207 3964 potuit
1228 3886 1266 3945 ut
1289 3882 1386 3944 etiam
1408 3879 1459 3943 his

235 3999 417 4076 temporum
445 3995 583 4061 decursu
610 3995 743 4077 aliquod
772 3995 925 4062 damnum
952 3998 1142 4078 inferretur,
1172 4002 1219 4064 ita
1249 4019 1290 4062 ne
1312 3997 1347 4062 in
1368 3999 1460 4062 initio

236 4112 349 4194 longus
380 4118 465 4178 essct
493 4118 677 4196 excerptor,
705 4113 805 4196 ipsius
833 4117 882 4181 rei
909 4116 1078 4181 consilium
1111 4117 1262 4200 titulique
1290 4117 1459 4200 angustiae

234 4230 477 4313 prohibuerunt.
