3254 5022
1330 323 1370 380 29

143 500 322 583 praefixum
346 502 398 565 sit.
436 499 608 564 Excidisse
632 505 740 564 autem
765 499 907 582 aliquem
929 498 1036 564 locum
1060 500 1126 564 iam
1147 499 1370 563 Laurentiano

145 619 264 683 collato
289 619 404 698 elucet,
429 621 485 702 qui
506 620 591 681 inter
614 618 694 682 duas
718 618 851 700 eclogae
876 621 927 694 11,
951 623 990 681 25
1013 616 1226 700 particulari.
1250 639 1277 682 e.
1295 623 1371 699 post

146 736 345 821 ἀληθεύωσιν
374 737 474 800 habet
502 737 620 800 lemma
646 731 849 820 Ἡροδότου
881 734 1054 819 ἱστοριῶν
1082 735 1114 814 Γ,
1148 741 1299 819 spectans
1327 735 1370 798 ad

143 857 201 919 eol.
228 860 277 934 12,
306 861 345 920 23
378 861 454 937 post
477 859 525 932 11,
555 855 612 916 251
634 854 820 918 exhibitam.
865 855 952 919 Rem
974 875 1050 919 vero
1075 853 1204 918 conficit
1227 851 1260 918 A
1282 853 1319 918 M
1342 851 1366 918 S

144 973 302 1038 librorum
325 975 536 1055 comparatio.
573 971 660 1036 Miro
684 974 768 1036 enim
791 992 952 1037 consensu
973 978 1049 1055 post
1076 973 1135 1036 ecl.
1163 978 1209 1050 11,
1234 977 1273 1036 25
1297 973 1317 1037 1.
1341 994 1368 1038 e.

147 1098 223 1174 post
246 1090 347 1176 ψυχὴν
371 1087 508 1174 ἀληθείᾳ
532 1091 677 1173 eclogam
700 1089 824 1155 addunt
849 1095 897 1170 12,
928 1096 967 1154 23
989 1088 1159 1175 Ἡροδότου
1184 1087 1319 1175 ἱστορίας
1342 1093 1366 1174 γ’

145 1211 204 1291 (sic
228 1208 262 1273 A
284 1210 343 1289 M).
390 1207 466 1272 ἔνθα
493 1213 549 1293 γάρ
573 1232 601 1271 τι
624 1210 673 1271 δεῖ
694 1207 745 1270 καὶ
768 1211 880 1293 ψεῦδος
905 1209 1059 1292 λέγεσθαι,
1083 1209 1234 1292 λεγέσθω.
1278 1209 1370 1274 Nihil

143 1327 243 1409 igitur
272 1328 375 1410 magis
408 1330 614 1411 perspicuum
644 1332 693 1391 est
721 1349 819 1410 quam
846 1327 992 1392 ordinem
1023 1349 1119 1410 quem
1146 1329 1367 1392 Bruxellensis

142 1445 446 1529 Laurentianusque
470 1447 710 1529 exscripserunt
731 1446 830 1510 luisse
852 1445 955 1510 hunc:

146 1569 194 1644 11,
218 1570 283 1627 25²
310 1562 514 1648 Πυθαγόρου.

229 1680 416 1766 Πυθαγόρας
440 1679 609 1765 ἐρωτηθεὶς
625 1678 654 1744 τί
666 1685 800 1745 ποιοῦσιν
824 1679 980 1766 ἄνθρωποι
993 1683 1079 1752 θεοῖς
1102 1683 1206 1765 όμοιον
1218 1679 1277 1764 ἔφη
1295 1678 1368 1744 “ἐὰν

271 1799 497 1884 ἀληθεύωσιν.“

224 1917 396 2002 Ἡροδότου
420 1914 566 2001 (ἱστορίας
589 1920 624 2000 γ’.

145 2044 192 2121 11,
216 2039 276 2102 aab

232 2155 258 2218 ol
289 2157 322 2220 δὲ
345 2154 440 2239 μάγοι
464 2149 687 2238 ἀποφαίνονται
709 2159 764 2217 τοῦ
796 2156 940 2238 μεγίστου
965 2160 1025 2218 τῶν
1048 2156 1195 2219 θεῶν-
1220 2149 1366 2237 ἀληθείᾳ.

145 2280 193 2353 ra,
217 2279 256 2338 23

228 2391 304 2456 ἔνθα
327 2389 384 2474 γάρ
408 2414 435 2452 τι
459 2390 508 2453 δεῖ
530 2388 582 2453 καὶ
604 2395 714 2475 ψεῦδος
731 2392 887 2474 λέγεσθαι,
911 2391 1060 2474 λεγέσθω.

145 2518 194 2591 11,
220 2514 259 2574 14
279 2505 464 2594 Ἰαρβλίχου
488 2508 670 2595 Σωπότρῳ.)

226 2627 374 2712 Ἀλήθεια
398 2629 461 2712 μέν,
485 2631 587 2713 ὥσπερ
610 2628 662 2690 καὶ
684 2625 818 2712 τοῦνομα
842 2630 936 2712 δηλοῖ
959 2667 996 2676 -
1022 2630 1163 2713 ἐξαπατᾷ.

146 2747 283 2814 Omissis
321 2749 405 2812 5111111
440 2749 473 2812 111
503 2747 603 2811 Brux.
640 2746 746 2811 verbis
782 2768 865 2830 quae
906 2749 997 2812 uncis
1033 2749 1221 2813 inclusimus
1257 2747 1365 2812 nobile

145 2867 309 2934 Herodoti
351 2887 468 2930 nomen
507 2889 579 2931 cum
616 2864 789 2930 Iamblichi
830 2865 1020 2948 ambagibus
1057 2870 1247 2932 societatem
1283 2866 1364 2930 iniit.

146 2988 346 3069 Eulogarum
369 2987 512 3066 priorum
535 2985 672 3049 eundem
696 2984 842 3048 ordinem
863 2985 962 3049 fuisse
983 2987 1017 3049 in
1040 2985 1207 3051 codicibus
1229 2983 1367 3050 Schowii

143 3105 219 3169 inde
249 3103 457 3167 manifestum
489 3109 546 3182 est,
571 3104 778 3186 quodetiam
810 3107 843 3168 in
866 3103 1004 3169 Schowii
1038 3105 1179 3170 editione
1202 3103 1366 3168 Herodoti

144 3223 265 3287 lemma
287 3222 370 3286 falso
394 3223 565 3306 copulatur
581 3243 654 3286 cum
670 3223 728 3286 ecl.
748 3229 795 3300 11,
819 3224 885 3286 251.
923 3220 1063 3286 Codices
1078 3220 1110 3286 A
1127 3223 1164 3286 Μ
1179 3224 1226 3300 ita
1240 3229 1368 3286 tantum

143 3342 205 3405 hoc
227 3342 299 3405 loco
322 3341 489 3424 paululum
512 3341 707 3424 discrepant,
730 3341 816 3423 quod
832 3362 983 3422 pervorsa
998 3341 1159 3404 lemmatis
1173 3341 1364 3404 traiectione

145 3461 248 3522 vitata
269 3459 342 3523 loco
357 3459 549 3525 Herodoteo
573 3461 637 3544 (12,
661 3466 713 3537 23)
735 3460 833 3525 etiam
849 3480 964 3524 nomen
980 3460 1142 3524 Herodoti
1156 3458 1294 3522 inditum
1309 3464 1366 3522 est.

145 3575 241 3658 Quod
269 3582 379 3642 autem
407 3579 552 3660 eclogam
577 3585 626 3659 11,
652 3583 690 3642 14
712 3579 746 3641 Α
768 3577 805 3642 Μ
829 3581 990 3657 omittunt,
1018 3600 1103 3643 nuno
1124 3580 1219 3644 facile
1243 3585 1292 3644 est
1315 3603 1366 3645 ex-

145 3696 271 3778 peditu:
296 3697 442 3778 eclogam
463 3699 549 3762 hano
571 3699 604 3761 in
627 3698 739 3762 codice
761 3719 855 3781 quem
876 3699 1115 3781 exscripserunt
1131 3699 1247 3782 capitis
1263 3704 1368 3762 extre·

146 3835 232 3878 mum
259 3815 366 3878 locum
387 3816 540 3881 habuisse
563 3837 604 3881 ex
624 3817 847 3882 Laurentiano
869 3816 1137 3901 Bruxellensique
1160 3817 1367 3900 intellegitur.
1477 3838 1479 3842 ·

147 3930 270 4020 Contra
293 3933 379 3996 idem
401 3939 499 4016 atque
521 3934 554 3998 in
578 3936 672 4000 editis
695 3935 784 4000 locus
801 3936 876 4001 huic
893 3937 1024 4016 eclogae
1040 3937 1194 4001 tribuitur
1210 3934 1369 4001 511111115-

144 4051 287 4131 bonensi,
311 4073 406 4135 quem
432 4053 648 4135 compluribus
671 4055 751 4118 locis
774 4077 848 4119 cum
862 4057 895 4121 A
911 4057 949 4120 Μ
972 4055 1158 4138 discrepare
1179 4055 1325 4118 vidimus.

228 4172 302 4235 Iam
323 4177 450 4266 utrem
474 4174 753 4256 comprehendam,
783 4175 870 4258 quod
893 4198 932 4240 ex
954 4175 1016 4240 hac
1038 4174 1258 4239 Bruxellensis
1280 4172 1368 4237 Lau·
1418 4217 1438 4256 ·,

142 4289 346 4372 rentianique
380 4312 454 4355 cum
483 4292 521 4356 M
539 4295 570 4355 A
598 4295 808 4375 congruentia
832 4275 1041 4377 consequitur
1074 4295 1120 4358 eis
1152 4315 1235 4386 quae
1269 4285 1368 4374 supra
