3254 5022
209 333 250 392 24

210 509 325 574 cedere
352 509 518 573 sciendum
547 515 604 574 661.
654 509 750 592 Quod
779 531 853 576 vero
877 511 1100 604 gravissimum
1123 518 1180 590 est,
1209 513 1307 576 etiarn
1328 513 1363 576 in
1385 513 1431 576 616

210 626 384 720 6661111166,
420 649 554 712 quorum
588 615 756 712 dispdsitio
788 630 830 694 ab
864 631 959 694 editis
992 630 1119 695 diversa
1149 636 1213 710 661,
1246 631 1331 695 61161
1362 625 1458 694 6616

70 768 115 846 g
174 718 182 788 'ss
209 719 313 808 611616
340 746 388 809 116
415 747 571 828 congruit,
600 751 637 810 ut
664 746 725 810 hoc
755 768 818 811 uno
847 754 1038 830 argumento
1064 748 1099 811 id
1126 749 1212 831 quod
1242 770 1340 832 supra
1368 733 1435 812 dixi
1467 731 1476 742 ⁹

171 913 177 962 ‚⁹
209 853 296 951 116611
318 855 467 946 ambigue
492 865 666 934 evincatur.
703 865 917 930 Differentiae
940 867 974 930 in
996 867 1046 931 his
1061 866 1181 931 tabulis
1197 861 1300 950 paene
1316 849 1434 932 1161166.
1451 843 1479 856 “’

208 981 355 1046 Levioris
388 957 541 1048 momenti
574 991 623 1048 est
657 984 743 1065 quod
772 985 887 1066 6661116
916 986 999 1049 sexti
1029 986 1160 1067 eclogae
1190 991 1229 1050 48
1259 990 1293 1049 61
1321 990 1358 1048 51
1388 985 1434 1048 in·

208 1122 301 1165 verso
335 1103 447 1166 ordine
482 1123 516 1165 66
552 1103 725 1185 excipiunt.
781 1102 983 1168 Alterutrius
1017 1105 1102 1168 enim
1137 1104 1257 1168 codicis
1288 1113 1434 1167 'errorem

208 1219 377 1297 adiuverit,
404 1220 490 1302 quod
514 1219 597 1284 duae
621 1221 752 1304 eclogae
775 1220 1004 1304 Pythagoreae
1027 1222 1067 1285 ab
1091 1222 1214 1286 eisdem
1235 1223 1304 1286 1616
1327 1221 1433 1285 verbis

207 1338 375 1421 incipiunt,
403 1339 445 1404 ab
469 1338 683 1422 ἐλεύθερον
707 1339 854 1402 ἀδύνατον
877 1340 935 1403 661.
957 1345 1007 1419 48,
1039 1340 1080 1403 ab
1105 1337 1204 1410 οὐδεὶς
1227 1340 1434 1423 ἐλεύθερος

209 1457 268 1521 661.
300 1463 349 1524 51.
392 1457 490 1523 Adde
519 1459 606 1540 quod
637 1459 739 1540 quinti
769 1459 884 1541 capitis
908 1480 967 1540 par
989 1458 1176 1540 eclogarum
1200 1464 1259 1522 123
1284 1459 1435 1523 617416

208 1577 310 1640 Brux.
339 1578 498 1659 excipitur
526 1577 633 1658 potius
662 1577 782 1658 eclogis
815 1581 874 1640 130
905 1582 938 1641 61
969 1583 1037 1653 121,
1069 1599 1151 1659 6666
1181 1598 1253 1641 cum
1283 1577 1342 1641 661.
1375 1581 1434 1640 135

209 1697 409 1778 praecedant
434 1695 590 1760 1611661.
612 1696 764 1778 Denique
794 1696 979 1778 discrepare
1005 1695 1155 1759 videntur
1182 1695 1216 1759 in
1242 1695 1300 1758 ecl.
1324 1699 1375 1772 40,
1405 1701 1433 1772 2,

210 1814 250 1877 de
279 1835 343 1895 qua
369 1807 453 1876 infra
482 1835 587 1878 sermo
617 1815 686 1879 6111.
732 1813 810 1877 Alia
838 1813 954 1895 quibus
982 1813 1171 1877 discordant
1196 1813 1281 1877 inter
1309 1833 1343 1877 se
1371 1835 1435 1876 non

210 1933 365 2014 16661166.
394 1932 492 1996 Duae
507 1939 616 1996 autem
631 1933 681 1996 vel
698 1937 764 1996 tres
781 1953 863 2015 6666
880 1934 1029 1996 suntetsi
1044 1933 1181 1996 16116166
1197 1931 1434 2013 discrepantiae

211 2052 264 2113 vix
295 2050 407 2114 dubito
436 2051 511 2132 quin
542 2057 632 2116 ortae
662 2053 726 2114 sint
748 2050 970 2114 Bruxeliensis
995 2051 1209 2133 neglegentia.
1252 2050 1341 2115 Nam
1362 2051 1434 2114 loco

209 2169 255 2232 illi
285 2189 348 2251 666
377 2169 442 2232 iam
471 2189 569 2250 66616
590 2170 792 2233 intellectum
815 2175 864 2231 est
885 2169 1131 2233 Bruxellensem
1153 2189 1393 2252 nonnumquam
1416 2189 1436 2232 a

209 2289 347 2369 genuino
382 2289 567 2368 eclogarum
605 2287 717 2349 ordine
757 2287 938 2365 descivisse,
972 2287 1060 2352 aliud
1099 2289 1280 2371 exemplum
1313 2287 1433 2352 addere

208 2407 287 2469 11661
308 2405 407 2488 idque
430 2404 653 2469 certissimum.
691 2405 732 2468 In
756 2405 862 2486 capite
886 2411 1000 2470 octavo
1024 2406 1144 2488 eclogis
1168 2412 1217 2470 14.
1243 2412 1291 2470 15.
1317 2411 1354 2470 16
1369 2407 1389 2471 i.
1406 2426 1432 2468 6.

171 2585 173 2591 .
208 2525 312 2589 tribus
328 2545 444 2606 prosae
461 2525 617 2588 orationis
632 2529 763 2607 6166161
779 2526 915 2588 aliorum
931 2523 1079 2589 codicum
1092 2525 1237 2589 ordinem
1249 2523 1432 2588 adnectitur

209 2627 267 2707 eol.
295 2650 332 2708 13
356 2647 410 2726 661
434 2648 508 2708 6661
529 2643 591 2706 duo
606 2663 718 2707 versus
733 2623 891 2709 Archelai
906 2643 1112 2725 Euripideae.
1151 2641 1218 2708 Sed
1233 2663 1345 2708 verum
1361 2664 1431 2706 6666

207 2763 373 2845 vulgarem
396 2762 541 2825 ordinem
565 2783 638 2825 cum
659 2761 694 2826 A
714 2759 737 2826 S
760 2762 916 2826 librorum
939 2782 1097 2826 66666666
1120 2761 1269 2826 6111161661
1291 2762 1346 2847 (14
1370 2782 1430 2826 om.

208 2881 231 2945 S
265 2882 307 2966 Τ)
345 2887 414 2944 tum
446 2881 654 2945 confirmatur
688 2887 778 2944 certa
811 2881 868 2944 1116
902 2881 1125 2945 observatione
1160 2901 1225 2962 qua
1255 2877 1433 2944 Stobaeum

208 3005 379 3083 poetarum
416 3001 505 3064 locos
542 3018 670 3082 6616661
705 2999 739 3062 16
776 3002 919 3082 capitum
955 2998 1055 3062 initiis
1094 2997 1269 3064 collocasse
1307 2999 1433 3062 scimus.

210 3118 389 3184 Conficitur
410 3139 485 3182 vero
509 3138 561 3181 res
582 3139 630 3200 eo,
654 3118 741 3200 quod
758 3118 943 3200 eclogarum
958 3138 1019 3200 par
1042 3122 1069 3194 5,
1096 3120 1154 3179 123
1178 3121 1211 3179 61
1235 3120 1281 3181 74
1298 3117 1434 3180 eandem

209 3247 307 3320 61666
330 3238 362 3301 16
384 3237 605 3302 Laurentiano
629 3236 740 3299 sedem
762 3238 861 3300 611616
882 3237 916 3299 16
938 3235 1089 3300 Parisino
1114 3235 1222 3298 habet.
1266 3235 1314 3299 Ut
1335 3235 1433 3315 igitur

209 3355 387 3420 cavendum
410 3361 460 3420 661
481 3377 522 3419 66
544 3356 578 3418 16
596 3355 843 3419 Bruxellensem
866 3354 983 3418 cadere
1006 3374 1160 3434 negemus
1183 3353 1270 3435 quod
1294 3353 1435 3416 omnium

116 3498 119 3504 ·
209 3473 345 3540 Stobaei
373 3474 522 3538 codicum
549 3475 621 3557 plus
651 3475 755 3538 minus
785 3494 953 3538 commune
982 3477 1040 3552 661,
1068 3474 1116 3536 116
1143 3473 1268 3536 duobus
1291 3471 1433 3534 tribusve

208 3593 288 3657 16616
315 3593 372 3658 ubi
402 3614 422 3656 a
448 3599 557 3657 vetere
586 3592 698 3657 ordine
725 3593 899 3656 recessisse
929 3590 1049 3655 tabulis
1078 3595 1285 3669 convincitur,
1317 3611 1434 3672 cogna-

209 3714 305 3777 tionis
327 3713 489 3776 vinculum
511 3735 574 3794 quo
597 3712 697 3776 Brux.
722 3717 755 3774 61
776 3709 875 3774 11661.
899 3712 983 3774 inter
1006 3731 1039 3774 se
1064 3711 1269 3788 continentur
1293 3708 1433 3773 relaxari

208 3833 330 3913 nequit.
375 3829 481 3911 Quam
505 3831 730 3911 cognationem
753 3851 817 3894 non
840 3828 1016 3893 verendum
1038 3832 1149 3891 estne
1173 3827 1243 3908 quis
1265 3829 1313 3890 ita
1334 3827 1432 3890 inter-

164 3921 169 4051 1
209 3955 364 4032 61616161,
388 3936 481 4038 66661
502 3949 657 4030 singulari
680 3948 867 4029 eclogarum
891 3946 971 4011 ordo
992 3950 1026 4010 in
1049 3967 1112 4030 quo
1134 3945 1230 4010 ambo
1246 3947 1433 4027 conspirant
1491 3973 1493 3978 ·

71 4134 80 4164 t
103 4059 123 4112 ·'·
159 4056 166 4175 i
209 4088 273 4131 non
296 4089 336 4132 ex
357 4068 440 4131 libro
463 4066 604 4150 quodam
620 4064 807 4131 Stobaeano
831 4065 966 4156 fluxerit
977 4065 1034 4153 sed
1050 4065 1077 4129 16
1094 4066 1136 4129 sit
1150 4085 1247 4146 quem
1262 4071 1433 4146 excerptor

161 4233 164 4272 3
208 4187 317 4249 666616
341 4187 412 4268 6616
435 4187 655 4251 Laurentiano
679 4187 842 4268 antiquior
864 4204 922 4248 666
945 4183 1054 4249 Μ6116
1079 4183 1252 4246 induxerit.
1297 4169 1433 4264 Siquid

209 4304 301 4368 video
325 4306 511 4370 concideret
533 4304 692 4368 eiusmodi
714 4303 853 4384 suspicio
876 4324 941 4366 non
963 4303 1059 4368 modo
1082 4300 1226 4366 artificiis
1243 4301 1358 4383 quibus
1373 4301 1431 4362 im·
