3254 5022
1306 316 1344 374 31

123 494 176 558 όόο
204 495 292 557 ποιοῦ
320 490 441 575 καιροὺς
464 512 490 556 τ.
515 494 554 570 l,
585 511 682 572 quam
709 506 819 554 veram
846 489 1019 554 lectionem
1048 510 1118 554 esse
1142 489 1350 553 confirmatur

122 619 156 676 et
179 610 277 677 Vind.
310 615 342 674 et
365 609 454 674 Max.
477 631 508 692 p.
533 613 592 674 597
617 606 749 687 Oomb.;
779 613 827 686 16,
854 613 891 672 12
914 630 945 690 p.
970 612 1062 694 273„
1087 613 1120 671 et
1141 607 1174 672 in
1195 607 1295 672 Brux.
1320 614 1352 672 et

121 732 156 794 in
179 727 248 794 So]
276 734 327 792 est
353 729 450 794 lectio
479 726 729 812 fortasse'haud
751 725 934 808 spernenda
956 728 981 789 ὦ
1006 731 1075 810 (pro
1098 729 1153 822 ὡς)
1178 727 1349 809 δυστυχεῖς,

127 850 224 912 ὅσοισι
239 851 291 909 τοῦ
307 847 434 930 κέρδους
450 849 541 930 χάριν
559 841 629 909 art.
659 844 765 909 Multo
780 865 855 908 vero
869 845 972 909 maior
987 850 1037 909 est
1051 866 1163 910 earum
1177 843 1352 909 lectionum

125 985 287 1044 numeruS,
317 964 433 1048 quibus
460 970 498 1030 ut
524 964 590 1028 dixi
610 964 710 1028 Brux.
732 983 843 1027 verum
864 963 914 1026 vel
937 963 1025 1062 solus
1047 953 1193 1050 servavit.
1237 963 1351 1031 Bonae

121 1091 219 1149 notae
242 1084 398 1148 lectiones
425 1104 506 1165 quas
521 1082 697 1164 Bevingius
721 1081 1005 1146 commendaverat
1021 1081 1211 1165 plerumque
1226 1081 1351 1164 recepit

71 1293 72 1296 Ἴ
125 1203 317 1268 Meinekius.
355 1201 547 1282 Largiorem
564 1220 702 1264 messem
718 1197 824 1263 obfert
839 1198 1008 1264 Thomana
1023 1200 1163 1264 collatio.
1191 1199 1239 1264 Ut
1252 1223 1351 1264 unum
1459 1215 1463 1235 ¹¹

125 1322 304 1385 alterumve
320 1320 501 1402 exemplum
516 1340 671 1402 promam,
694 1319 729 1381 in
752 1317 866 1398 ecloga
880 1316 1089 1400 Pythagorea
1104 1324 1154 1396 24,
1178 1319 1351 1384 &rectiore

126 1441 239 1505 ordine
263 1438 392 1502 exhibet
406 1439 506 1504 Brux.
531 1435 613 1500 κακὰ
636 1435 731 1519 μείζω
755 1433 869 1518 πάσχει
886 1432 936 1497 διὰ
951 1441 1003 1498 τοῦ
1019 1437 1190 1506 συνειδότος
1206 1437 1222 1498 ό
1239 1434 1352 1499 ἀδικῶν

125 1557 146 1642 ἢ
169 1558 186 1620 ό
209 1565 257 1642 τῷ
278 1558 420 1641 σώματι
449 1553 741 1641 βασανιζόμενος
769 1549 821 1616 καὶ
847 1553 914 1624 ταῖς
939 1555 1074 1638 πληγαῖς
1099 1553 1350 1637 μαστιγούμενος,

129 1676 215 1760 quod
237 1675 379 1740 Thomas
401 1675 422 1742 l.
449 1697 472 1738 s.
495 1697 525 1757 p.
551 1678 590 1736 33
612 1673 682 1737 iure
704 1672 860 1755 praetulit
881 1673 987 1736 verbis
1011 1672 1157 1737 obscuris
1179 1674 1213 1737 in
1234 1671 1268 1738 A
1284 1672 1352 1738 ST

128 1795 367 1879 βασανιζόμενος
394 1793 414 1876 ἢ
443 1793 459 1854 ὁ
485 1797 529 1877 τῷ
554 1793 681 1875 σώματι.
725 1791 820 1855 Idem
849 1796 938 1855 reete
967 1791 1085 1855 iterum
1115 1792 1354 1857 commendavit

126 1935 156 1995 p.
182 1918 219 1977 31
246 1911 411 1994 egregiam
434 1911 555 1977 codicis
577 1910 749 1974 lectionem
772 1910 806 1973 in
829 1909 943 1992 ecloga
967 1913 1015 1987 10,
1041 1915 1079 1973 16
1102 1915 1246 1992 spretam
1262 1910 1352 1976 illam

127 2030 258 2112 quidem
288 2052 307 2094 a
329 2029 495 2094 Meinekio
516 2050 544 2094 ν.
567 2029 587 2092 Ι
609 2051 639 2112 p.
665 2033 749 2111 3055,
780 2049 878 2111 quam
898 2027 1074 2110 Bevingius
1096 2028 1162 2093 iam
1190 2029 1354 2095 obtulerat

126 2171 157 2231 p.
191 2153 241 2213 21.
282 2148 525 2236 {tecentiorum
560 2148 767 2212 coniecturae
803 2144 891 2210 hand
928 2166 1003 2210 raro
1043 2145 1287 2213 confirmantur:
1320 2149 1354 2212 in

127 2266 271 2331 Musonii
307 2267 473 2330 enuntiato
505 2272 534 2343 5,
567 2270 606 2328 76
646 2265 710 2327 ἐστι
743 2265 829 2349 quod
863 2270 938 2329 ante
972 2269 1025 2347 τῆς
1057 2259 1203 2349 ἀκρασίας
1235 2266 1354 2348 legitur

127 2384 242 2449 abesse
283 2383 398 2448 maluit
434 2383 617 2447 Meinekius
658 2389 793 2466 propter
833 2382 1051 2446 membrorum
1093 2384 1354 2464 concinnitatem,

127 2507 249 2568 frustra
282 2503 449 2586 quaeritur
479 2502 514 2565 in
543 2502 643 2567 Brux.
679 2507 712 2565 et
742 2503 776 2566 in
804 2502 904 2566 Laur.
961 2499 1057 2584 Quod
1097 2500 1183 2570 idem
1216 2475 1354 2568 coniecit

129 2620 286 2707 προέλθοι
321 2640 381 2703 pro
419 2619 589 2704 προσέλθοι
623 2626 675 2700 19,
711 2626 749 2685 16
780 2621 800 2685 Ι
832 2642 863 2703 p.
896 2623 972 2702 3046
1006 2639 1046 2683 ex
1076 2618 1175 2683 Brux.
1207 2621 1353 2704 recipere

126 2739 242 2822 potuit,
269 2760 329 2805 nec
361 2761 426 2803 non
455 2737 573 2801 ἄτοπον
600 2739 687 2822 quod
714 2757 775 2822 pro
804 2737 946 2802 absurdo
971 2733 1087 2801 ἄπονον
1111 2744 1160 2817 20,
1191 2746 1230 2804 55
1253 2740 1356 2805 voluit

132 2855 334 2922 Gaisfordus.
378 2856 435 2922 Ad
463 2862 512 2936 22,
539 2861 580 2922 26
607 2879 639 2939 p.
662 2862 737 2942 339,
766 2858 847 2922 haec
869 2856 1038 2920 adnotavit
1059 2857 1242 2921 Meineliius
1264 2858 1353 2924 Add.

128 2999 158 3058 p.
181 2974 284 3040 LXI:
314 2975 412 3041 nihili
443 2981 487 3040 est
513 2977 653 3042 verbum
668 2975 842 3052 ὰλαζονέσι,
874 2975 1071 3041 scribendam
1100 2973 1136 3037 dv
1167 2974 1290 3046 ἀλαζὼν
1319 2965 1355 3059 ᾖς

127 3095 225 3177 idque
254 3094 361 3176 ipsum
390 3099 497 3158 exstat
522 3095 557 3158 in
578 3094 678 3159 Brux.
730 3095 771 3158 In
800 3095 858 3159 ecl.
882 3099 933 3166 44,
956 3099 1006 3176 20.
1030 3099 1066 3158 21
1098 3115 1126 3157 v.
1149 3095 1188 3158 II
1209 3117 1240 3178 p.
1266 3100 1356 3180 163,3

129 3207 180 3273 καὶ
223 3212 419 3294 particulam
462 3217 539 3276 ante
580 3212 815 3296 ἀναβλέποντσς
858 3213 950 3276 uncis
987 3219 1157 3296 saepserat
1196 3213 1355 3298 HeyniuS,

129 3350 227 3411 quam
261 3329 391 3410 ignorat
423 3330 524 3396 Brux.
578 3331 674 3395 Idem
708 3329 881 3394 dicendum
917 3337 968 3395 est
999 3330 1039 3396 de
1078 3331 1175 3396 simili
1214 3332 1355 3416 quadam

131 3447 275 3512 Nauckii
298 3449 500 3514 correctione
521 3448 556 3512 in
579 3451 637 3514 ecl.
660 3454 711 3526 46,
736 3453 785 3513 78.
820 3449 981 3514 Memoria
997 3451 1114 3532 dignae
1138 3458 1232 3516 erunt
1246 3452 1354 3516 variae

132 3565 288 3632 lectiones
309 3566 344 3631 in
358 3568 525 3634 Hieroclis
547 3567 619 3631 loco
644 3573 693 3646 39,
718 3572 758 3632 34
780 3590 810 3651 p.
828 3572 895 3652 61„
912 3589 991 3652 sqq,
1015 3569 1132 3650 quibus
1149 3569 1189 3633 de
1208 3568 1354 3634 Thomae

130 3685 336 3750 collationem
367 3686 478 3751 adeas.
521 3685 683 3768 Maiorem
715 3707 827 3751 curam
853 3687 999 3768 postulat
1028 3687 1142 3770 ecloga
1165 3691 1194 3769 5,
1224 3694 1273 3767 75,
1298 3688 1356 3752 ubi

129 3799 350 3868 Bruxellensis
368 3825 441 3867 cum
456 3803 555 3870 Lanr.
573 3805 724 3886 cognatio
740 3805 839 3868 etiam
855 3806 1044 3887 gravissima
1061 3805 1238 3870 lectionum
1253 3806 1355 3870 diver·

129 3924 226 3986 sitate
249 3920 302 4001 (cf.
318 3920 462 3986 Thomae
487 3922 559 3988 coll.
574 3946 606 4007 p.
622 3925 676 4009 20)
693 3925 937 4006 comprobatum
961 3929 1012 4004 17,
1033 3930 1084 4003 20,
1106 3924 1200 4002 aliae,
1224 3924 1355 4006 quaein

128 4045 317 4104 transcursu
346 4060 412 4105 non
432 4042 559 4123 possint
579 4044 724 4108 tractari.
769 4041 924 4108 Ceterum
946 4044 999 4106 vix
1019 4043 1137 4108 iterum
1159 4042 1355 4106 monendum
1405 4089 1406 4092 ,

129 4163 179 4221 est
200 4157 235 4221 in
257 4157 391 4240 singulis
414 4180 541 4240 summg
562 4162 712 4227 cautione
735 4182 816 4244 opus
835 4182 915 4228 esse.
952 4161 1045 4227 Nihil
1061 4163 1147 4226 enim
1161 4162 1264 4243 magis
1280 4181 1356 4226 con·

129 4281 319 4341 sentaneum
347 4299 445 4361 quam
465 4278 500 4342 in
522 4280 710 4363 apographo
734 4284 802 4344 tam
823 4281 963 4346 recentis
985 4281 1104 4346 aetatis
1127 4280 1355 4345 vetustioribus
