3254 5022
1394 352 1431 411 13

211 528 263 591 vix
279 527 404 602 errabo,
428 529 455 591 si
477 527 580 608 magis
604 526 647 591 ad
667 525 875 591 librariorum
897 525 1136 609 neglegentiam
1152 546 1249 607 quam
1271 526 1433 609 adipsum

212 651 435 728 excerptorem
456 646 571 711 refero.
614 645 702 711 Nam
722 645 779 730 ubi
799 645 954 710 lemmata
977 645 1110 727 adpicta
1138 648 1222 724 sunt,
1244 644 1433 728 plerumque

211 763 290 827 satis
323 763 490 828 habebant
521 763 649 829 librarii
679 763 820 830 auctoris
857 783 975 828 nomen
1012 781 1282 827 commemorasse
1315 764 1433 828 omisso

212 884 416 947 accuratiore
444 883 603 965 poematis
631 882 682 946 vel
703 881 779 946 libri
800 881 930 945 indicio.
975 881 1022 946 Ut
1043 903 1142 946 unum
1167 880 1282 945 saltem
1303 881 1434 946 titulum

211 981 324 1064 ordine
354 1001 560 1066 Bruxellensi
588 1021 786 1084 percurram,
820 1021 859 1063 ex
892 999 1004 1082 quinto
1037 1001 1143 1082 capite
1176 1000 1240 1064 huc
1271 1000 1435 1082 pertinent

211 1119 344 1201 eclogae
369 1125 416 1184 74.
443 1125 511 1184 130.
539 1125 608 1183 121.
631 1124 681 1185 75.
704 1125 754 1185 80.
777 1123 827 1183 83.
857 1121 907 1181 60.
939 1123 988 1182 61.
1038 1118 1113 1182 Etsi
1145 1138 1204 1200 pro
1231 1139 1267 1181 re
1294 1125 1374 1182 nata
1400 1120 1433 1183 in

211 1237 345 1319 singulis
377 1257 501 1302 summa
538 1238 687 1303 cautione
718 1257 798 1320 opus
826 1236 896 1299 erit.
946 1235 1022 1300 Non
1053 1235 1117 1300 nisi
1144 1235 1291 1299 omnibus
1320 1236 1375 1319 qui
1401 1237 1434 1301 in

214 1375 345 1419 censum
372 1357 504 1421 veniant
527 1356 692 1421 codicibus
714 1356 800 1420 inter
822 1373 855 1419 se
879 1353 1006 1424 collatis
1030 1352 1243 1418 confidentius
1266 1355 1436 1420 diiudicari

212 1479 337 1556 potest,
376 1494 472 1557 quem
510 1473 643 1556 singulis
675 1474 756 1538 locis
788 1472 918 1536 titulum
951 1472 1021 1555 ipse
1055 1469 1218 1537 Stobaeus
1249 1474 1436 1555 praefixerit

214 1593 330 1676 quidve
353 1598 560 1675 excerptores
582 1591 636 1659 vel
656 1591 781 1656 librarii
802 1591 1090 1674 praetermiserint.

298 1711 438 1775 Possum
460 1711 644 1774 accuratius
665 1710 748 1774 haee
770 1710 899 1792 aliaque
923 1708 1044 1774 codicis
1066 1709 1143 1773 vitia
1166 1711 1326 1792 persequi.
1370 1707 1437 1775 Sed

214 1828 295 1892 nihil
323 1830 441 1894 attinet
461 1828 631 1911 plene·hie
653 1829 774 1893 referre
798 1849 837 1892 ea
859 1849 942 1910 quae
966 1828 1109 1892 omnium
1132 1827 1267 1894 Stcbaei
1290 1829 1437 1894 codicum

215 1947 287 2030 plus
308 1947 454 2011 minusve
478 1947 661 2014 communia
683 1952 767 2011 sunt.
805 1945 939 2011 Dudum
961 1952 1069 2011 autem
1092 1948 1205 2012 audire
1228 1949 1306 2014 mibi
1328 1948 1438 2013 videor

218 2065 402 2148 quempiam
424 2065 599 2132 dicentem:
624 2066 778 2148 quidnam
800 2065 954 2148 praesidii
976 2065 1109 2129 taudem
1123 2086 1255 2149 sperare
1270 2088 1329 2130 nos
1344 2088 1439 2150 posse

216 2184 401 2266 putabimus
439 2206 479 2248 ex
518 2160 921 2267 apograp'lii“'ie'v'i''t'a'm
933 2159 1438 2268 'redentiff'omnibusqne'ie‘re

217 2287 413 2368 deteriorum
445 2303 594 2367 codicum
627 2303 778 2366 maculis·
795 2299 986 2385 inquinato?
1010 2256 1016 2363 i
1027 2300 1077 2366 At
1102 2302 1181 2368 licet
1207 2305 1371 2368 recentior
1397 2305 1440 2367 sit

217 2421 329 2501 codex,
361 2443 400 2486 ex
425 2421 651 2504 limpidissimo
681 2421 769 2485 fonte
797 2441 869 2484 eum
900 2420 1079 2484 derivatum
1101 2441 1171 2485 esse
1194 2422 1299 2486 habeo
1322 2422 1438 2505 quibus

216 2541 369 2623 aperiam.
432 2539 479 2604 Ut
519 2561 588 2605 rem
629 2540 719 2604 brevi
761 2538 960 2622 praecidam,
999 2538 1085 2641 inter
1121 2539 1366 2605 Bruxellensem
1407 2546 1440 2604 et

215 2659 527 2724 Laurentianum
548 2663 576 2723 is
598 2660 788 2723 observatur
810 2678 994 2734 consensus,
1017 2677 1113 2738 quem
1137 2659 1227 2722 casui
1250 2658 1320 2722 dari
1343 2680 1437 2742 posse
1533 2661 1538 2669 '

217 2773 310 2842 nemo
346 2798 443 2842 sanus
476 2779 538 2842 sibi
573 2777 779 2860 persuadeat.
795 2773 913 2857 “flium
939 2796 1025 2839 nova
1056 2776 1214 2840 nonnulla
1240 2776 1274 2839 in
1300 2781 1438 2859 utroque
1473 2788 1475 2797 ’

216 2897 340 2981 pariter
355 2897 515 2962 accedant
529 2903 598 2960 tum
614 2895 701 2979 quod
715 2895 891 2959 maximum
905 2893 1032 2977 pondus
1048 2893 1149 2958 habet
1161 2892 1240 2959 ordo
1255 2894 1439 2976 eclogarum

216 3017 251 3080 in
278 3021 416 3099 utroque
445 3014 614 3078 exhibetur
643 3019 710 3079 tam
741 3013 838 3096 plane
867 3013 1066 3095 conspirans,
1100 3018 1137 3076 ut
1168 3013 1295 3077 codices
1324 3013 1439 3096 quibus

218 3135 269 3199 usi
302 3142 377 3198 suut
410 3154 450 3197 ex
484 3133 643 3197 consimili
677 3131 822 3196 eiusdem
847 3131 1046 3196 recensionis
1075 3132 1252 3214 exemplari
1278 3131 1439 3196 derivatos

218 3273 290 3318 esse
317 3250 524 3316 manifestum
553 3252 605 3316 sit.
650 3249 856 3333 Quamquam
872 3245 948 3336 *duo
979 3248 1115 3313 Stobaei
1143 3250 1306 3314 volumina
1333 3250 1440 3314 adhuc

219 3372 392 3436 coniuncta
415 3370 625 3453 exscripsisse
638 3369 906 3446 Laurentianum‚
928 3366 1174 3432 Bruxellensem
1196 3389 1296 3432 unum
1311 3373 1439 3433 tantum

219 3512 249 3573 q.
274 3488 303 3553 d.
323 3488 536 3571 Florilegium
558 3489 624 3553 iam
647 3509 746 3571 supra
767 3487 885 3552 monui.
923 3485 1019 3550 Unde
1041 3490 1155 3567 pateat
1177 3485 1323 3550 codicem
1345 3509 1439 3570 quem

219 3608 381 3690 excerpsit
399 3606 622 3672 Bruxeliensis
645 3609 754 3670 aetate
776 3605 873 3688 paulo
896 3603 1081 3668 inferiorem
1104 3603 1204 3667 fuisse
1227 3604 1441 3670 Laurentiani

218 3703 315 3803 fonte,
333 3747 428 3809 quem
444 3725 486 3790 ad
502 3725 662 3790 decimum
676 3725 727 3789 vel
741 3723 947 3790 undecimum
963 3723 1129 3786 saeculum
1143 3723 1270 3787 rettulit
1283 3723 1436 3789 Dilesius.

304 3845 357 3908 De
390 3843 551 3926 exscripto
580 3840 723 3908 Stobaeo
752 3843 786 3907 in
812 3842 972 3924 florilegio
1001 3840 1224 3910 Laurentiano
1253 3842 1349 3907 hodie
1376 3864 1441 3907 non
1527 3929 1533 3936 ἱ

220 3968 269 4028 est
293 3962 379 4046 quod
402 3982 461 4044 ego
485 3962 706 4044 quaestionem
728 3967 881 4039 retexam,
903 3943 1077 4043 postquam
1092 3959 1358 4024 Waehsmuthius
1374 3982 1442 4025 rem
1539 3968 1543 3975 “

219 4081 359 4146 absolvit
380 4082 415 4144 in
430 4082 563 4164 egregia
579 4079 618 4144 de
635 4078 770 4144 Stobaei
784 4080 918 4162 Eulogis
934 4079 1207 4144 commentatione
1222 4100 1308 4142 nune
1322 4079 1442 4142 iterata

220 4221 293 4263 cum
322 4201 468 4264 auctario
493 4197 595 4264 ‘Stud
624 4221 663 4263 zu
690 4198 754 4263 den
780 4221 826 4282 gr.
848 4197 971 4262 Floril’
995 4217 1025 4279 p.
1050 4200 1089 4260 55
1112 4218 1181 4280 sqq.
1224 4197 1337 4261 Pauca
1359 4219 1441 4280 quae

218 4317 272 4382 hic
295 4319 371 4382 sciri
393 4319 523 4383 intersit
543 4299 577 4380 in
599 4320 787 4382 memoriam
808 4337 934 4382 revoco.
972 4313 1070 4397 Quod
1092 4317 1315 4399 gravissimum
1338 4321 1441 4380 estne
