3254 5022
204 365 248 423 34

278 550 373 625 ῙΦἿοτ
395 577 452 626 cod.
489 572 685 643 3περιγίνεται
702 577 761 626 cod.
797 573 867 628 ἐστιν
886 577 914 626 in
936 593 988 629 res.
1026 585 1054 628 11
1082 575 1193 647 πάντων
1208 581 1229 628 Ι.
1248 572 1339 641 Steupi
1364 592 1437 627 num

209 655 314 729 udurq?
352 665 381 709 16
401 656 444 708 ἀπ’
464 659 552 708 αὐτῶν
570 661 599 708 P.
618 662 753 735 Thomas-t
768 659 892 714 ἁπάντων
912 664 969 713 cod.
1006 669 1037 714 20
1056 659 1152 732 δώροις
1171 664 1204 714 ci.
1222 665 1253 714 P,
1271 665 1397 713 Thomas

291 773 391 840 Addo
421 773 566 855 eclogam
595 796 635 839 ex
662 777 769 859 eapite
800 777 952 843 vicesimo
973 779 1062 862 quod
1084 779 1117 842 in
1140 778 1242 843 Brux.
1264 767 1293 843 t*
1306 782 1360 848 38²
1382 778 1435 841 sic

208 894 395 959 inscribitur
417 890 486 977 περὶ
510 893 608 976 ὀργῆς,
632 893 767 976 θυμοῦ,
796 893 917 980 ἔριδος
940 897 1005 960 καὶ
1029 893 1279 982 φιλονεικίας.
1322 895 1435 960 Inter-

209 1014 354 1096 polatam
374 1032 451 1076 esse
471 1012 562 1077 hanc
589 1013 834 1096 inscriptionem
861 1015 969 1098 arguit
990 1016 1129 1082 Photius
1158 1017 1214 1102 qui
1236 1016 1339 1079 solum
1360 1014 1434 1098 περὶ

208 1132 299 1216 ὀργῆς
321 1131 430 1208 habet
454 1130 540 1214 quod
563 1131 662 1195 etiam
683 1134 715 1196 in
738 1133 880 1216 reliquis,
910 1133 1018 1217 quoad
1040 1135 1117 1213 scio,
1139 1134 1267 1216 legitur.
1314 1132 1434 1216 Neque

208 1251 374 1315 vicinitate
397 1271 457 1314 sua
479 1251 722 1316 commendatur
743 1273 826 1316 nova
842 1252 963 1334 ecloga.
1000 1253 1175 1318 Praecedit
1191 1253 1249 1318 ecl.
1265 1256 1294 1331 4,
1312 1255 1330 1314 3
1347 1272 1434 1334 quae

209 1371 275 1434 iam
298 1391 397 1452 supra
419 1369 440 1435 f.
457 1373 510 1432 23τ
532 1369 565 1432 in
588 1376 704 1451 quarto
722 1372 829 1454 capite
844 1370 1024 1453 legebatur,
1049 1372 1262 1455 insequuntur
1277 1369 1437 1454 Aeschyli

210 1489 399 1554 Promethei
431 1488 494 1553 duo
525 1509 635 1552 versus
665 1493 726 1553 379
758 1511 814 1574 sq,
849 1510 985 1574 quorum
1018 1489 1116 1554 fidem
1143 1490 1204 1554 hoc
1234 1491 1305 1555 loco
1332 1462 1434 1572 bauto

210 1609 437 1674 sublectionem
459 1629 530 1674 esse
553 1609 775 1674 demonstrare
790 1631 931 1693 possum.
969 1607 1197 1692 Sed'longiore
1213 1609 1432 1691 disputatione

210 1747 291 1810 opus
320 1733 415 1792 esset.
459 1727 615 1792 Fortasse
653 1729 709 1792 alii
735 1729 816 1792 mihi
849 1728 1023 1811 fragmenti
1054 1729 1211 1812 originem
1232 1725 1434 1822 indicabunt,

211 1847 258 1910 sic
281 1851 390 1911 autem
412 1847 531 1929 legitur
552 1849 585 1910 in
606 1847 679 1912 eod.
703 1847 723 1911 f.
747 1853 856 1913 38¹⁴:

479 1965 594 2048 καρπὸν
616 1963 674 2049 γὰρ
698 1966 729 2038 ἐς
753 1967 885 2050 βαθεῖαν
909 1963 1010 2048 ἄμμον
1033 1966 1145 2050 ἐκχέας

480 2081 580 2146 οὔποτ’
604 2084 689 2154 αὖθις
711 2086 822 2169 ἐκλὲξῃ
846 2084 953 2148 πάλιν·

481 2200 547 2266 οὐθ’
573 2203 655 2286 ἄνδρ’
682 2203 802 2288 ἑταῖρον
819 2212 829 2284 {l
845 2205 883 2287 ἢν
907 2199 1069 2289 ἀποτείνῃς
1093 2202 1170 2272 ἅπαξ
1192 2235 1224 2262 κ

212 2320 383 2384 Lemmata
418 2327 512 2385 caret
547 2322 637 2386 locus
674 2343 735 2386 nec
770 2323 915 2386 versibus
950 2323 1128 2406 discriptus
1166 2327 1245 2386 erat.
1301 2319 1366 2382 Pro
1399 2320 1436 2388 ἐς

215 2436 346 2523 βαθεῖαν
366 2435 470 2522 ἄμμον
494 2441 546 2524 (cf.
567 2441 655 2507 Plut.
680 2441 761 2506 Feb.
786 2462 812 2505 c.
837 2446 855 2505 6
879 2447 913 2506 et
928 2440 1043 2506 Crass
1060 2464 1085 2506 c.
1107 2446 1146 2504 22
1172 2433 1436 2522 demoliebatur)

214 2557 382 2622 Nauolrius
405 2561 596 2641 praetulerit
624 2557 727 2644 ἄμμον
750 2561 780 2630 ἐς
805 2558 945 2642 βαθεῖαν.
990 2557 1026 2624 Si
1046 2561 1154 2625 obiter
1175 2559 1266 2642 legas
1290 2557 1437 2638 eclogam
1534 2580 1537 2588 ¹

211 2677 364 2760 titulique
388 2675 457 2762 cepi
480 2679 570 2762 ὀργῆς
591 2686 629 2743 ut
643 2700 703 2761 par
719 2683 768 2742 est
782 2678 905 2742 habeas
921 2679 1089 2757 rationem,
1113 2677 1223 2742 nescio
1239 2698 1281 2740 an
1297 2678 1330 2740 in
1344 2696 1435 2738 men·

213 2801 281 2860 tem
308 2797 369 2860 tibi
399 2798 507 2862 veniat
529 2797 685 2881 Aeschyli
708 2797 817 2882 (Eunu
844 2803 905 2862 637
928 2800 990 2880 sq.)
1020 2795 1127 2881 ἀνδρὸς
1156 2797 1184 2858 δ’
1217 2791 1340 2858 ἐπειδὰν
1370 2789 1433 2875 αἷμ’

215 2913 376 3000 ἀνασπάσῃ
407 2910 597 2988 scitellus
624 2916 778 2998 θανόντος,
806 2912 885 2986 οὔτις
910 2913 971 2979 ἔστ’
996 2915 1166 2986 ἀνάστασις.
1210 2915 1258 2979 Ut
1278 2913 1378 2977 verba
1398 2912 1438 2994 ἢν

217 3031 380 3119 ἀποτείνῃς
404 3033 489 3116 taut,
513 3057 533 3098 a
556 3035 671 3118 quibus
693 3056 821 3100 versum
843 3035 1094 3119 folium'iucipit,
1116 3037 1150 3100 in
1164 3036 1203 3118 ἢν
1219 3027 1438 3130 ἀποςιι>τείνῃς

180 3127 183 3133 ⁵
218 3151 296 3222 ἅπαξ
318 3149 598 3236 corrigends'esse
613 3175 717 3238 paene
735 3161 858 3220 certum
873 3156 1046 3220 videretur.
1084 3153 1151 3220 Sed
1167 3152 1348 3218 sententiae
1363 3149 1440 3214 huic

216 3273 324 3354 imago
351 3266 418 3356 qua
446 3278 545 3356 poeta
570 3293 647 3338 usus
673 3279 725 3338 est
755 3276 870 3358 καρπὸν
892 3274 948 3358 γὰρ
972 3275 1033 3338 κτὲ.
1063 3294 1177 3338 vereor
1203 3295 1244 3338 ne
1271 3294 1336 3336 nou
1358 3269 1439 3333 satis
1523 3261 1527 3266 ’

218 3397 387 3483 congruat
430 3392 547 3476 Neque
580 3395 679 3476 igitur
705 3395 738 3458 in
769 3416 863 3458 versu
890 3395 993 3458 altero
1025 3395 1120 3457 metri
1148 3392 1258 3458 fulcris
1287 3391 1375 3456 velut
1402 3387 1438 3450 od

215 3507 365 3585 <admei
394 3510 518 3585 (αὐτὸν)
549 3511 635 3582 αὖθις
666 3514 727 3575 κτὲ.
757 3513 954 3584 similibusve
981 3533 1033 3576 res
1062 3511 1213 3595 expedita
1240 3503 1290 3575 sit.
1335 3507 1371 3574 Si
1399 3529 1441 3572 ex

219 3628 344 3693 duobus
373 3631 548 3694 enuntiatis
578 3627 779 3715 comparatio
807 3631 923 3695 saltem
951 3637 1037 3695 esset
1058 3632 1194 3714 integra,
1222 3651 1280 3713 pro
1302 3649 1338 3692 re
1360 3631 1441 3691 nata

220 3748 318 3811 etiam
352 3748 491 3813 alterum
524 3743 701 3815 membrum
731 3751 859 3815 facihus
888 3755 978 3815 esset
1004 3751 1047 3816 ad
1073 3749 1321 3814 restituendum:
1353 3767 1443 3810 nuno

220 3867 316 3931 ambo
353 3889 469 3932 manca
509 3874 595 3947 sunt,
634 3870 770 3934 alterum
809 3871 909 3934 etiam
946 3873 1143 3950 corruptum.
1194 3865 1442 3949 (temperationi

208 3985 370 4052 :aculeum
392 3985 529 4052 reddere
553 3993 689 4053 conatur
710 3991 757 4068 sio
779 3987 993 4072 Gomperaius
1021 3986 1199 4071 (ἀκέραιον)
1224 3980 1325 4048 οὔποτ’
1353 3981 1442 4054 αὖθις

221 4101 338 4175 ἐκλέξαι
365 4103 464 4186 πάλιν,
492 4107 578 4172 idem
607 4107 640 4172 iu
661 4107 724 4172 fine
748 4108 934 4173 dubitanter
954 4109 993 4191 ἣν
1017 4103 1184 4176 ἀποξεινοῖς
1207 4103 1293 4176 ἅπαξ.
1338 4100 1443 4168 (iuius

221 4225 310 4288 modi
332 4228 494 4290 sententia
516 4228 543 4291 si
564 4228 647 4294 latet
668 4228 730 4292 hoc
752 4227 833 4308 loco,
855 4227 965 4291 nescio
980 4248 1023 4291 an
1037 4225 1179 4307 cuipiam
1193 4225 1296 4306 magis
1311 4223 1445 4305 placcat

224 4345 261 4427 ltu
295 4343 514 4430 ἀπο<σ>τείλῃς
547 4347 639 4430 ἅπαξ,
679 4348 764 4431 quod
801 4349 847 4412 eis
884 4366 966 4430 quae
1007 4343 1225 4427 sequebantur
1257 4343 1445 4407 accuratius
