3254 5022
1338 333 1379 392 27

157 517 294 580 decursu
331 537 352 580 a
390 514 526 597 pristino
555 512 629 577 libri
664 510 775 576 ordine
817 511 952 575 librarii·
980 511 1029 575 rel
1064 515 1270 592 excerptores
1301 509 1375 592 plus

160 635 262 698 minus
297 633 500 710 deficiebant,
538 651 603 696 non
635 651 811 712 numquam
841 636 878 694 ut
904 650 981 694 vera
1013 629 1121 711 imago
1153 633 1210 691 aut
1243 649 1377 710 prorsus

158 752 332 816 obscurata
354 753 397 815 sit
418 757 475 815 aut
497 771 577 833 opus
605 749 647 812 sit
678 768 834 830 operosae
867 747 1095 830 disputationis
1119 745 1319 826 ambagibus,
1351 747 1376 808 si

157 871 228 953 quis
260 870 405 935 ordinem
431 869 655 949 redintegrare
682 867 776 930 volet.
809 863 876 930 Sed
909 866 971 930 hoc
1000 865 1095 929 simul
1126 863 1292 927 observari
1319 885 1378 946 po·

156 993 234 1052 test:
263 989 361 1052 etiam
384 987 439 1051 ubi
461 987 618 1051 alteruter
644 984 695 1048 rel
715 984 750 1049 A
764 985 814 1048 vel
828 984 929 1049 Brux.
963 1005 1057 1049 suum
1072 983 1180 1065 potius
1206 981 1376 1046 arbitrium

157 1127 254 1188 quam
305 1125 506 1188 communem
556 1105 724 1186 utriusque
778 1103 901 1168 fontem
958 1100 1186 1185 sequebantur,
1249 1101 1381 1192 pristini·

157 1223 279 1288 ordinis
311 1225 448 1305 vestigia
479 1223 567 1288 haud
598 1243 704 1306 pauca
735 1226 970 1286 remanserunt.
1020 1219 1119 1283 Mitto
1148 1225 1246 1301 caput
1271 1240 1380 1285 sacac-

157 1342 242 1420 dum,
278 1364 342 1426 quo
365 1341 488 1405 laesum
511 1361 582 1405 esse
605 1343 778 1422 genuinum
800 1341 947 1405 ordinem
968 1340 1002 1403 in
1023 1337 1058 1402 A
1090 1339 1141 1402 vel
1173 1339 1248 1403 inde
1271 1344 1379 1420 patet,

160 1459 247 1541 quod
262 1459 330 1523 fere
359 1459 507 1523 similiter
535 1465 635 1546 atque
661 1461 694 1522 in
727 1459 822 1524 editis
853 1464 1022 1542 poetarum
1052 1458 1185 1539 eclogae
1220 1478 1283 1521 non
1316 1480 1381 1522 uno

161 1585 273 1642 tenore
318 1577 554 1642 exscribuntur.
609 1579 649 1642 In
691 1579 800 1660 capite
837 1577 928 1642 tertio
977 1575 1063 1659 quod
1099 1573 1167 1659 περὶ
1206 1577 1380 1660 φρονήσεως

159 1695 348 1760 inscribitur
394 1701 538 1780 quamvis
577 1698 610 1761 in
644 1697 776 1779 singulis
804 1695 973 1760 discedant
1013 1699 1150 1777 uterque
1196 1698 1306 1758 tamen
1340 1696 1381 1758 ab

161 1812 277 1877 eadem
320 1816 435 1899 incipit
477 1816 590 1898 ecloga
625 1815 830 1879 Menandrea
870 1814 989 1876 ἅπαντα
1026 1814 1122 1875 δοῦλα
1158 1817 1202 1895 τῷ
1234 1817 1299 1898 (τοῦ
1339 1812 1381 1899 Α)

162 1931 284 2015 φρονεῖν
306 1930 490 1997 καθίσταται
513 1938 623 2020 (3,11).
655 1933 785 1997 Deinde
814 1934 895 1997 haec
918 1931 1005 2014 apud
1039 1952 1093 1995 eos
1128 1931 1241 1994 eodem
1270 1933 1382 1997 ordine

161 2049 351 2115 decurrunt:
394 2057 443 2116 55.
484 2059 534 2117 49.
569 2057 630 2134 [50.
669 2058 718 2116 51.
754 2071 815 2114 om.
848 2048 961 2137 Brux.]
992 2052 1044 2113 45.
1090 2046 1199 2130 Oapiti
1227 2057 1341 2132 quarto
1363 2074 1384 2116 a

162 2167 262 2234 Brun.
300 2171 453 2235 inseritur
490 2171 547 2234 eol.
590 2177 619 2248 8,
658 2175 707 2248 22,
730 2171 808 2234 item
845 2189 865 2232 a
898 2168 1049 2233 Parisino
1084 2172 1118 2231 et
1154 2167 1382 2234 Escorialensi.

168 2286 282 2366 Quinti
298 2289 414 2372 capitis
430 2289 528 2353 hasce
545 2288 674 2371 eclogas
698 2310 737 2353 ex
753 2288 865 2353 ordine
882 2285 1023 2350 Parisini
1039 2286 1208 2350 adscribo:
1225 2285 1246 2349 f.
1266 2292 1320 2351 13v
1336 2309 1383 2370 sq.

166 2408 235 2467 119.
270 2410 346 2478 120,
375 2411 445 2472 136.
482 2412 552 2471 118.
590 2412 658 2472 128.
697 2412 766 2471 130.
801 2412 872 2472 121.
919 2409 988 2468 122.
1018 2408 1088 2468 123.
1113 2409 1162 2468 74.
1187 2408 1237 2468 75.
1261 2410 1311 2471 76.
1336 2413 1384 2473 77.

164 2527 215 2587 78.
240 2527 288 2586 79.
312 2529 363 2590 80.
388 2525 495 2607 Quam
519 2525 763 2608 dispositionem
792 2515 820 2588 si
853 2524 925 2607 quis
960 2525 1136 2605 componat
1166 2543 1238 2586 cum
1273 2525 1384 2590 ordine

164 2640 385 2707 Bruxellensis
408 2643 686 2725 Laurentianique
719 2663 817 2724 supra
845 2641 999 2719 exhibito,
1021 2639 1235 2704 Laurentiani
1248 2644 1386 2724 'potissi-

164 2780 252 2822 mum
289 2760 410 2825 ordinis
449 2761 691 2826 similitudinem
728 2763 892 2843 agnoscet.
948 2757 1020 2823 Nec
1056 2779 1122 2822 non
1157 2759 1191 2821 in
1226 2759 1275 2823 his
1314 2781 1387 2826 cum

167 2879 200 2942 A
234 2881 441 2944 consentiunt
468 2880 567 2945 Laur.
602 2885 635 2943 et
656 2879 772 2968 Brux.:
806 2885 833 2957 5,
857 2881 908 2942 83.
937 2879 993 2962 [59
1021 2897 1082 2941 om.
1110 2876 1223 2964 Brux.]
1259 2883 1307 2944 60.
1336 2885 1387 2946 61.

167 2996 368 3079 Discrepant
389 2999 474 3062 inter
502 3019 536 3060 se
563 2998 596 3060 in
624 2999 730 3080 capite
752 3003 849 3062 secto.
894 2994 960 3060 Sed
987 3001 1024 3059 ut
1045 2997 1078 3059 in
1092 2996 1192 3061 Laur.
1212 2996 1258 3060 sic
1290 2999 1388 3063 etiam

165 3116 200 3179 in
214 3114 365 3179 Parisino
389 3116 446 3180 ecl.
470 3121 498 3195 6,
525 3121 562 3178 17
587 3122 619 3180 et
642 3120 669 3192 6,
695 3119 734 3178 38
757 3115 881 3179 vicinae
898 3120 1027 3178 exstant
1042 3121 1075 3180 et
1090 3116 1177 3198 quod
1194 3116 1323 3197 gravius
1340 3124 1390 3182 est

167 3255 187 3296 a
220 3234 336 3315 quibus
366 3234 399 3297 in
430 3234 530 3299 Laur.
555 3239 654 3317 caput
682 3235 796 3317 incipit
820 3238 848 3312 6,
872 3237 923 3296 22.
949 3238 996 3297 18.
1027 3237 1074 3297 19.
1104 3239 1153 3298 20.
1182 3241 1218 3298 21
1246 3256 1271 3298 e.
1300 3259 1331 3319 q.
1354 3258 1389 3317 s,

167 3349 209 3415 ab
253 3353 377 3416 eisdem
413 3353 513 3417 etiam
547 3353 580 3415 in
612 3353 646 3415 A
682 3353 809 3417 initium
846 3353 944 3416 sumit
982 3352 1016 3436 (f.
1055 3351 1120 3440 15²)
1159 3353 1310 3418 nimirum
1346 3356 1388 3418 ab

167 3471 288 3552 eclogis
315 3475 361 3534 18.
388 3475 435 3535 19.
460 3476 509 3535 20.
533 3476 583 3535 21.
608 3476 647 3534 22
671 3492 698 3534 e.
722 3493 752 3555 q.
776 3485 809 3550 s,
840 3476 877 3534 ut
905 3490 987 3533 unus
1017 3475 1145 3554 tantum
1174 3478 1325 3536 numerus
1349 3478 1388 3536 22

166 3589 200 3651 in
222 3589 380 3652 alterutro
404 3589 532 3674 (opinor
552 3591 586 3654 in
600 3587 648 3675 A)
671 3610 729 3652 sua
745 3588 822 3652 sede
839 3587 991 3670 expulsus
1007 3587 1059 3650 sit.
1097 3583 1184 3668 Quid
1200 3588 1262 3653 hoc
1278 3591 1389 3654 ordine

165 3706 328 3771 lucremur
342 3708 376 3770 in
390 3709 564 3791 propatulo
581 3715 643 3774 est:
659 3714 829 3791 poetarum
845 3713 954 3770 versus
970 3725 1055 3769 nuno
1072 3705 1170 3768 etiam
1185 3706 1219 3769 in
1231 3713 1322 3771 sexto
1335 3728 1389 3773 ca·

166 3825 233 3908 pite
246 3847 360 3908 agmen
376 3826 507 3906 ducunt,
523 3826 610 3911 quod
625 3829 740 3890 misere
752 3825 935 3907 neglegitur
946 3824 978 3885 in
991 3823 1095 3886 editis.
1129 3822 1262 3907 Septimi
1275 3825 1390 3907 capitis
1484 3825 1488 3832 '

169 3943 229 4008 ecl.
253 3948 292 4008 75
321 3947 356 4008 in
376 3943 477 4009 Brux.
508 3946 605 4010 datur
639 3945 739 4027 capiti
771 3945 885 4027 prime,
918 3943 996 4005 item
1030 3941 1063 4004 in
1095 3939 1128 4006 A
1163 3948 1196 4006 et
1212 3917 1275 4005 ΙΜ.
1319 3942 1392 4007 Nec

170 4082 234 4125 non
258 4082 296 4126 eo
324 4065 529 4128 consentiunt
556 4071 623 4129 tres
656 4062 784 4128 codices
819 4060 906 4143 quod
937 4061 1069 4142 eclogae
1092 4063 1234 4143 priorem
1266 4065 1392 4123 tantum

169 4186 298 4263 partem
328 4181 481 4246 exhibent
508 4203 609 4264 usque
641 4181 683 4246 ad
706 4180 887 4262 ἐπιγελάσαι
918 4179 986 4242 v.1
1013 4201 1045 4261 p.
1071 4184 1159 4262 17823
1190 4177 1237 4241 M.
1281 4177 1393 4241 Etiam

168 4299 232 4363 hoc
259 4299 331 4364 loco
358 4299 523 4364 aberravit
551 4296 755 4364 Gaisiordus.
807 4297 931 4362 Notam
953 4297 968 4338 ἃ
990 4297 1076 4378 apud
1105 4292 1224 4360 cast:
1259 4291 1393 4377 ’λέγεται
